
@book{fischer_handbuch_2002,
	address = {Tübingen, Basel},
	title = {Handbuch zu {Thomas} {Manns} ``{Josephsromanen}''},
	publisher = {A. Francke Verlag},
	author = {Fischer, Bernd-Jürgen},
	year = {2002}
}

@book{mann_gesammelte_1974,
	address = {Frankfurt am Main},
	edition = {2},
	title = {Gesammelte {Werke} in dreizehn {Bänden}},
	publisher = {S. Fischer Verlag},
	author = {Mann, Thomas},
	year = {1974}
}

@book{mann_essays_1993,
	address = {Frankfurt am Main},
	title = {Essays},
	publisher = {S. Fischer Verlag},
	author = {Mann, Thomas},
	editor = {Kurzke, Hermann and Stachorski, Stephan},
	year = {1993--97}
}

@book{mann_joseph_2005,
	address = {New York, London, Toronto},
	title = {Joseph and {His} {Brothers}: {The} {Stories} of {Jacob}, {Young} {Joseph}, {Joseph} in {Egypt}, {Joseph} the {Provider}},
	publisher = {Alfred A. Knopf},
	author = {Mann, Thomas},
	translator = {Woods, John E.},
	year = {2005}
}
