
@book{baillot_briefe_2010,
	address = {Berlin},
	title = {Briefe und {Texte} aus dem intellektuellen {Berlin} um 1800},
	url = {https://www.berliner-intellektuelle.eu/},
	urldate = {2020--03--20},
	publisher = {Humboldt-Universität zu Berlin},
	author = {Baillot, Anne},
	year = {2010}
}

@misc{baillot_berliner_2014,
	title = {`{Berliner} {Intellektuelle} um 1800' als {Programm}. Über {Potential} und {Grenzen} digitalen {Edierens}},
	url = {https://literaturkritik.de/public/rezension.php?rez_id=19678},
	urldate = {2020--03--20},
	journal = {Literaturkritik.de},
	author = {Baillot, Anne and Busch, Anna},
	year = {2014}
}

@article{boot_reading_2011,
	title = {Reading {Van} {Gogh} online?},
	url = {http://www.ariadne.ac.uk/issue66/boot/},
	number = {66},
	urldate = {2020--03--23},
	journal = {Ariadne},
	author = {Boot, Peter},
	month = jan,
	year = {2011}
}

@article{dumont_correspsearch_2018,
	title = {{correspSearch} --- {Connecting} {Scholarly} {Editions} of {Letters}},
	doi = {https://doi.org/10.4000/jtei.1742},
	number = {10},
	journal = {Journal of the Text Encoding Initiative},
	author = {Dumont, Stefan},
	year = {2018}
}

@book{grafton_page_2012,
	address = {Paris},
	title = {La page de l’{Antiquité} à l’ère du numérique},
	publisher = {Hazan},
	author = {Grafton, Anthony},
	year = {2012}
}

@misc{sichani_beyond_2016,
	address = {Cologne},
	title = {Beyond {Open} {Access}: ({Re})use, {Impact} and the {Ethos} of {Openness} in {Digital} {Editing}},
	url = {https://dixit.uni-koeln.de/wp-content/uploads/Sichani_Beyond-Open-Access.pdf},
	urldate = {2020--03--23},
	author = {Sichani, Anna-Maria},
	month = mar,
	year = {2016}
}

@article{stadler_towards_2016,
	title = {Towards a {Model} for {Encoding} {Correspondence} in the {TEI}: {Developing} and {Implementing} {\textless}{correspDesc}{\textgreater}},
	doi = {https://doi.org/10.4000/jtei.1433},
	number = {9},
	journal = {Journal of the Text Encoding Initiative},
	author = {Stadler, Peter and Illetschko, Marcel and Seifert, Sabine},
	year = {2016}
}

@book{suber_open_2012,
	address = {Cambridge (MA)},
	title = {Open {Access}},
	publisher = {MIT Press},
	author = {Suber, Peter},
	year = {2012}
}

@book{consortium_tei_2020,
	title = {{TEI} {P5}: {Guidelines} for {Electronic} {Text} {Encoding} and {Interchange}},
	url = {https://tei-c.org/release/doc/tei-p5-doc/en/Guidelines.pdf},
	urldate = {2020--06--24},
	publisher = {Text Encoding Initiative Consortium},
	author = {Consortium, The TEI},
	year = {2020}
}

@book{van_gogh_vincent_2009,
	address = {Amsterdam \& The Hague},
	title = {Vincent van {Gogh} – {The} {Letters}},
	url = {http://vangoghletters.org},
	urldate = {2020--03--23},
	publisher = {Van Gogh Museum \& Huygens ING},
	author = {van Gogh, Vincent},
	editor = {Jansen, Leo and Luijten, Hans and Bakker, Nienke},
	year = {2009}
}

@book{schlegel_august_2014,
	address = {Dresden, Marburg \& Trier},
	title = {August {Wilhelm} {Schlegel}: {Digitale} {Edition} der {Korrespondenz}},
	url = {https://august-wilhelm-schlegel.de},
	urldate = {2020--03--23},
	author = {Schlegel, August Wilhelm},
	editor = {Strobel, Jochen and Bamberg, Claudia},
	year = {2014}
}

@book{ghelardi_burckhardtsource_2019,
	title = {Burckhardtsource},
	url = {https://burckhardtsource.org/},
	urldate = {2020--03--23},
	editor = {Ghelardi, Maurizio},
	year = {2019}
}

@book{jung_digitale_2015,
	address = {Zürich},
	title = {Digitale {Briefedition} {Alfred} {Escher}},
	url = {https://briefedition.alfred-escher.ch/},
	urldate = {2020--03--23},
	publisher = {Alfred Escher-Stiftung},
	editor = {Jung, Joseph},
	year = {2015}
}

@misc{franzini_catalogue_2016,
	title = {Catalogue of {Digital} {Editions}},
	url = {https://github.com/gfranzini/digEds_cat},
	urldate = {2020--03--23},
	journal = {Github},
	author = {Franzini, Greta},
	year = {2016}
}

@misc{sahle_catalog_2008,
	title = {A {Catalog} of {Digital} {Scholarly} {Editions}},
	url = {https://www.digitale-edition.de},
	urldate = {2020--03--23},
	journal = {digitale edition},
	author = {Sahle, Patrick},
	year = {2008}
}

@misc{baillot_berliner_nodate,
	title = {Berliner {Intellektuelle} 1800--1830 — {Institut} für deutsche {Literatur}},
	url = {https://www.literatur.hu-berlin.de/de/berliner-intellektuelle-1800-1830},
	year = {n.d.},
	urldate = {2020--03--23},
	journal = {Humboldt Univerzität zu Berlin},
	author = {Baillot, Anne and Busch, Anna and Jahnke, Selma and Seifert, Sabine},
}

@misc{baillot_emmy_nodate,
	title = {Emmy {Noether}- {Projekt} / {Projet} {Emmy} {Noether} `{Berliner} {Intellektuelle} 1800--1830' --- {Page} professionnelle},
	url = {http://www.anne-baillot.eu/home-deutsch/forschung-de/intellektuellen},
	urldate = {2020--03--23},
	journal = {Anne Baillot},
	year = {n.d.},
	author = {Baillot, Anne}
}

@book{von_weber_carl-maria-von-weber-gesamtausgabe_2017,
	title = {Carl-{Maria}-von-{Weber}-{Gesamtausgabe}. {Digitale} {Edition}},
	url = {https://weber-gesamtausgabe.de/A070002},
	urldate = {2020--03--23},
	author = {von Weber, Carl Maria},
	editor = {Allroggen, Gerhard},
	year = {2017}
}

@misc{dfg_informationen_2015,
	type = {{DFG}},
	title = {Informationen für {Geistes}- und {Sozialwissenschaftler}/innen. {Förderkriterien} für wissenschaftliche {Editionen} in der {Literaturwissenschaft}},
	url = {https://www.dfg.de/download/pdf/foerderung/grundlagen_dfg_foerderung/informationen_fachwissenschaften/geisteswissenschaften/foerderkriterien_editionen_literaturwissenschaft.pdf},
	urldate = {2020--03--23},
	author = {DFG},
	month = nov,
	year = {2015}
}

@misc{baillot_berliner_2010,
	title = {Berliner {Intellektuelle}: {Editorische} {Richtlinien}},
	url = {https://www.berliner-intellektuelle.eu/about?de},
	urldate = {2020--07--28},
	author = {Baillot, Anne},
	year = {2010}
}

@misc{consortium_critical_2020,
	title = {Critical {Apparatus}},
	url = {https://www.tei-c.org/release/doc/tei-p5-doc/en/html/TC.html},
	language = {en},
	urldate = {2020--03--23},
	journal = {P5: Guidelines for Electronic Text Encoding and Interchange},
	author = {Consortium, The TEI},
	month = feb,
	year = {2020}
}

@misc{baillot_edition-specific_2016,
	title = {Edition-specific {TEI} encoding guidelines. {Nachwuchsgruppe} {Berliner} {Intellektuelle} 1800--1830 {Digital} {Edition} group},
	url = {https://www.berliner-intellektuelle.eu/encoding-guidelines.pdf},
	urldate = {2020--03--23},
	author = {Baillot, Anne and Meyer, Alexander},
	month = feb,
	year = {2016}
}

@misc{deutsche_national_bibliothek_integrated_2016,
	title = {The {Integrated} {Authority} {File} ({GND})},
	url = {https://www.dnb.de/EN/Professionell/Standardisierung/GND/gnd_node.html},
	abstract = {The Integrated Authority File (GND)},
	language = {en},
	urldate = {2020--03--23},
	journal = {Deutsche National Bibliothek},
	author = {{Deutsche National Bibliothek}},
	month = nov,
	year = {2016}
}

@misc{mediawiki_geohack_2020,
	title = {{GeoHack}},
	url = {https://www.mediawiki.org/wiki/GeoHack},
	language = {en},
	urldate = {2020--03--23},
	journal = {MediaWiki},
	author = {MediaWiki},
	year = {2020}
}

@misc{iso_standards_nodate,
	title = {Standards},
	url = {https://www.iso.org/standards.html},
	language = {en},
	urldate = {2020--03--23},
	year = {n.d.},
	journal = {ISO},
	author = {ISO}
}

@misc{wikipedia_wikipediabeacon_2020,
	title = {Wikipedia:{BEACON}},
	copyright = {Creative Commons Attribution-ShareAlike License},
	url = {https://de.wikipedia.org/w/index.php?title=Wikipedia:BEACON&oldid=202294152},
	language = {de},
	urldate = {2020--03--23},
	journal = {Wikipedia},
	author = {Wikipedia},
	year = {2020}
}

@misc{tei_correspondence_sig_correspdesc_2019,
	title = {{correspDesc}},
	copyright = {BSD-2-Clause License         ,                 BSD-2-Clause License},
	url = {https://github.com/TEI-Correspondence-SIG/correspDesc},
	urldate = {2020--03--23},
	publisher = {TEI Correspondence SIG},
	author = {TEI Correspondence SIG},
	month = apr,
	year = {2019}
}

@misc{consortium_tei_nodate,
	title = {{TEI} element {correspDesc} (correspondence description)},
	url = {https://www.tei-c.org/release/doc/tei-p5-doc/en/html/ref-correspDesc.html},
	language = {en},
	urldate = {2020--03--23},
	year = {n.d.},
	journal = {TEI-C},
	author = {Consortium, The TEI}
}

@misc{dumont_correspsearch_2020,
	title = {{correspSearch} --- {Search} scholarly editions of letters},
	url = {https://correspsearch.net/index.xql},
	urldate = {2020--07--28},
	journal = {correspSearch},
	author = {Dumont, Stefan},
	collaborator = {Grabsch, Sascha and Müller-Laackman, Jonas},
	year = {2020}
}
