
@article{bleeker_future_2015,
	title = {The {Future} of the {Digital} {Scholarly} {Editor}. {Interpretation}, {Subjectivity} and {Presence}?},
	volume = {28},
	journal = {Manuscrítica. Revista de crítica genética},
	author = {Bleeker, Elli},
	year = {2015},
	pages = {112--22}
}

@book{beal_dictionary_2011,
	address = {Oxford},
	title = {A {Dictionary} of {English} {Manuscript} {Terminology}: 1450-2000},
	publisher = {Oxford University Press},
	author = {Beal, Peter},
	year = {2011}
}

@incollection{bleier_discussing_2018,
	address = {Norderstedt},
	series = {Schriften des {Instituts} für {Dokumentologie} und {Editorik}},
	title = {Discussing {Interfaces} in {Digital} {Scholarly} {Editing}},
	volume = {12},
	booktitle = {Digital {Scholarly} {Editions} as {Interfaces}},
	publisher = {Books on Demand (BoD)},
	author = {Bleier, Roman and Klug, Helmut W.},
	editor = {Bleier, Roman and Bürgermeister, Martina and Klug, Helmut W. and Neuber, Frederike and Schneider, Gerlinde},
	year = {2018},
	pages = {V--XV}
}

@article{buschenhenke_het_2016,
	title = {Het literaire werk anno 2016. {Digitale} schrijfprocessen vastleggen en analyseren.},
	volume = {34},
	number = {4},
	journal = {Vooys},
	author = {Buschenhenke, Floor},
	year = {2016},
	pages = {8--20}
}

@phdthesis{bleeker_mapping_2017,
	address = {Antwerpen},
	type = {{DPhil}},
	title = {Mapping {Invention} in {Writing}: {Digital} {Infrastructure} and the {Role} of the {Genetic} {Editor}},
	school = {University of Antwerp},
	author = {Bleeker, Elli},
	year = {2017}
}

@book{bogaert_roosevelt_2016,
	address = {Amsterdam},
	title = {Roosevelt},
	publisher = {De Bezige Bij},
	author = {Bogaert, Gie},
	year = {2016}
}

@article{conijn_how_2019,
	title = {How to {Typo}? {Building} a {Process}-{Based} {Model} of {Typographic} {Error} {Revisions}},
	volume = {3},
	journal = {The Journal of Writing Analytics},
	author = {Conijn, Rianne and Zaanen, Menno van and Leijten, Mariëlle and Van Waes, Luuk},
	year = {2019},
	pages = {69--95}
}

@article{crombez_postdramatic_2017,
	title = {Postdramatic methods of adaptation in the age of digital collaborative writing},
	volume = {23},
	doi = {https://doi.org/10.1093/llc/fqv054},
	number = {1},
	journal = {Digital Scholarship in the Humanities},
	author = {Crombez, Thomas and Cassiers, Edith},
	year = {2017},
	pages = {17--35}
}

@article{dahlstrom_drowning_2000,
	title = {Drowning by {Versions}},
	volume = {4},
	url = {https://humanit.hb.se/article/view/174/187},
	number = {4},
	urldate = {2021--06--30},
	journal = {Human IT},
	author = {Dahlström, Mats},
	year = {2000}
}

@article{biasi_what_1996,
	title = {What is a {Literary} {Draft}? {Toward} a {Functional} {Typology} of {Genetic} {Documentation}},
	doi = {https://doi.org/10.2307/2930337},
	volume = {89},
	journal = {Yale French Studies},
	author = {Biasi, Pierre-Marc de},
	translator = {Wassenaar, Ingrid},
	year = {1996},
	pages = {26--58}
}

@phdthesis{dillen_digital_2015,
	address = {Antwerpen},
	type = {{DPhil}},
	title = {Digital {Scholarly} {Editing} for the {Genetic} {Orientation}: {The} {Making} of a {Genetic} {Edition} of {Samuel} {Beckett}’s {Works}},
	school = {University of Antwerp},
	author = {Dillen, Wout},
	year = {2015}
}

@article{fitzgerald_research_1987,
	title = {Research on revision in writing},
	volume = {57},
	doi = {https://doi.org/10.2307/1170433},
	number = {4},
	journal = {Review of Educational Research},
	author = {Fitzgerald, J.},
	year = {1987},
	pages = {481--506}
}

@incollection{dillen_editor_2018,
	address = {Norderstedt},
	series = {Schriften des {Instituts} für {Dokumentologie} und {Editorik}},
	title = {The {Editor} in the {Interface}: {Guiding} the {User} through {Texts} and {Images}},
	volume = {12},
	booktitle = {Digital {Scholarly} {Editions} as {Interfaces}},
	publisher = {Books on Demand (BoD)},
	author = {Dillen, Wout},
	editor = {Bleier, Roman and Bürgermeister, Martina and Klug, Helmut W. and Neuber, Frederike and Schneider, Gerlinde},
	year = {2018},
	pages = {35--59}
}

@article{gooding_forensic_2019,
	title = {The forensic imagination: interdisciplinary approaches to tracing creativity in writers’ born-digital archives},
	volume = {47},
	doi = {https://doi.org/10.1080/01576895.2019.1608837},
	number = {3},
	journal = {Archives and Manuscripts},
	author = {Gooding, Paul and Smith, Jos and Mann, Justine},
	year = {2019},
	pages = {374--90}
}

@article{hayles_translating_2003,
	title = {Translating {Media}: {Why} {We} {Should} {Rethink} {Textuality}},
	volume = {16},
	doi = {https://doi.org/10.1353/yale.2003.0018},
	number = {2},
	journal = {Yale Journal of Criticism},
	author = {Hayles, N. Katherine},
	year = {2003},
	pages = {263--90}
}

@book{kirschenbaum_mechanisms_2008,
	address = {Cambridge (MA)},
	title = {Mechanisms: {New} {Media} and the {Forensic} {Imagination}},
	publisher = {MIT University Press},
	author = {Kirschenbaum, Matthew G.},
	year = {2008}
}

@incollection{kirschenbaum_tracking_2013,
	address = {Cambridge (MA)},
	title = {Tracking the {Changes}: {Textual} {Scholarship} and the {Challenge} of the {Born} {Digital}},
	booktitle = {The {Cambridge} {Companion} to {Textual} {Scholarship}},
	publisher = {Cambridge University Press},
	author = {Kirschenbaum, Matthew G. and Reside, Doug},
	editor = {Fraistat, Neil and Flanders, Julia},
	year = {2013},
	pages = {257--88}
}

@book{kirschenbaum_track_2016,
	address = {Cambridge (MA)},
	title = {Track {Changes}: {A} {Literary} {History} of {Word} {Processing}},
	publisher = {Harvard University Press},
	author = {Kirschenbaum, Matthew G.},
	year = {2016}
}

@techreport{kirschenbaum_digital_2010,
	address = {Arlington (TX)},
	title = {Digital {Forensics} and {Born}-{Digital} {Content} in {Cultural} {Heritage} {Collections}},
	volume = {149},
	institution = {Council on Library and Information Resources},
	author = {Kirschenbaum, Matthew G. and Ovenden, Richard and Redwine, Gabriela},
	year = {2010}
}

@phdthesis{kollberg_s-notation_1998,
	address = {Stockholm},
	type = {Lic. thesis},
	title = {S-notation – {A} computer based method for studying and representing text composition},
	school = {University of Stockholm},
	author = {Kollberg, Py},
	year = {1998}
}

@incollection{kollberg_studying_2002,
	address = {Dordrecht},
	series = {Studies in {Writing}},
	title = {Studying {Writers}’ {Revising} {Patterns} with {S}-{Notation} {Analysis}},
	volume = {10},
	booktitle = {Contemporary {Tools} and {Techniques} for {Studying} {Writing}},
	publisher = {Springer},
	author = {Kollberg, Py and Eklundh, Kerstin S.},
	editor = {Olive, Thierry and Levy, C. Michael and Rijlaarsdam, Gert},
	year = {2002},
	pages = {89--104}
}

@article{leijten_keystroke_2013,
	title = {Keystroke {Logging} in {Writing} {Research}: {Using} {Inputlog} to {Analyze} and {Visualize} {Writing} {Processes}},
	volume = {30},
	number = {3},
	journal = {Written Communication},
	author = {Leijten, Mariëlle and Van Waes, Luuk},
	year = {2013},
	pages = {358--92}
}

@article{leijten_writing_2014,
	title = {Writing in the {Workplace}: {Constructing} {Documents} {Using} {Multiple} {Digital} {Sources}},
	volume = {5},
	number = {3},
	journal = {Journal of Writing Research},
	author = {Leijten, Mariëlle and Van Waes, Luuk and Schriver, Karen and Hayes, John R.},
	year = {2014},
	pages = {285--337.}
}

@incollection{lindgren_writing_2006,
	address = {Oxford},
	series = {Studies in {Writing}},
	title = {Writing and the {Analysis} of {Revision}},
	volume = {18},
	booktitle = {Computer {Keystroke} {Logging} and {Writing}: {Methods} and {Applications}},
	publisher = {Elsevier},
	author = {Lindgren, Eva and Sullivan, Kirk P.H.},
	editor = {Lindgren, Eva and Sullivan, Kirk P.H.},
	year = {2006},
	pages = {31--44}
}

@incollection{lindgren_analysing_2006,
	address = {Oxford},
	series = {Studies in {Writing}},
	title = {Analysing {Online} {Revision}},
	volume = {18},
	booktitle = {Computer {Keystroke} {Logging} and {Writing}: {Methods} and {Applications}},
	publisher = {Elsevier},
	author = {Lindgren, Eva and Sullivan, Kirk P.H.},
	editor = {Lindgren, Eva and Sullivan, Kirk P.H.},
	year = {2006},
	pages = {157--88}
}

@incollection{lindgren_researching_2019,
	address = {Leiden},
	series = {Studies in {Writing}},
	title = {Researching {Writing} with {Observational} {Logging} {Tools} from 2006 to the {Present}},
	volume = {38},
	booktitle = {Observing {Writing}. {Insights} from {Keystroke} {Logging} and {Handwriting}},
	publisher = {Brill},
	author = {Lindgren, Eva and Knopse, Yvonne and Sullivan, Kirk P.H.},
	editor = {Lindgren, Eva and Sullivan, Kirk P.H. and Fidalgo, Raquel and Olive, Thierry},
	year = {2019},
	pages = {1--29}
}

@article{mara_nuala_2013,
	title = {Nuala {O}’{Faolain}: new departures in textual and genetic criticism},
	volume = {21},
	doi = {https://doi.org/10.1080/09670882.2013.808873},
	number = {3},
	journal = {Irish Studies Review},
	author = {Mara, Miriam O'Kane},
	year = {2013},
	pages = {342--52}
}

@incollection{lindgren_revising_2019,
	address = {Leiden},
	series = {Studies in {Writing}},
	title = {Revising at the {Leading} {Edge}: {Shaping} {Ideas} or {Clearing} up {Noise}},
	volume = {38},
	booktitle = {Observing {Writing}. {Insights} from {Keystroke} {Logging} and {Handwriting}},
	publisher = {Brill},
	author = {Lindgren, Eva and Westum, Asbjørg and Outakoski, Hanna and Sullivan, Kirk P.H.},
	editor = {Lindgren, Eva and Sullivan, Kirk P.H. and Fidalgo, Raquel and Olive, Thierry},
	year = {2019},
	pages = {346--65}
}

@incollection{mathijsen_genetic_2009,
	address = {Tübingen},
	series = {Beihefte zu {Editio}},
	title = {Genetic textual editing: the end of an era},
	volume = {Bd. 28},
	booktitle = {Was ist {Textkritik}? zur {Geschichte} und {Relevanz} eines {Zentralbegriffs} der {Editionswissenschaft}},
	publisher = {Niemeyer},
	author = {Mathijsen, Marita},
	editor = {Mitterauer, Gertraud and Bauer, Werner Maria and Hofer, Sabine},
	year = {2009},
	keywords = {Congresses, Criticism, Textual, Editing}
}

@incollection{miller_keystroke_2006,
	address = {Oxford},
	series = {Studies in {Writing}},
	title = {Keystroke {Logging}: {An} {Introduction}},
	volume = {18},
	booktitle = {Computer {Keystroke} {Logging} and {Writing}: {Methods} and {Applications}},
	publisher = {Elsevier},
	author = {Miller, Kristvan S and Sullivan, Kirk P.H.},
	editor = {Lindgren, Eva and Sullivan, Kirk P.H.},
	year = {2006},
	pages = {1--9}
}

@incollection{pierazzo_digital_2009,
	address = {Farnham},
	title = {Digital {Genetic} {Editions}: {The} {Encoding} of {Time} in {Manuscript} {Transcription}},
	booktitle = {Text {Editing}, {Print} and the {Digital} {World}},
	publisher = {Ashgate},
	author = {Pierazzo, Elena},
	editor = {Deegan, Marilyn and Sutherland, Kathryn},
	year = {2009},
	pages = {169--86}
}

@incollection{pierazzo_putting_2011,
	address = {Norderstedt},
	series = {Schriften des {Instituts} für {Dokumentologie} und {Editorik}},
	title = {Putting the {Text} back into {Context}: {A} {Codicological} {Approach} to {Manuscript} {Transcription}},
	volume = {3},
	booktitle = {Codicology and {Palaeography} in the {Digital} {Age} 2},
	publisher = {Books on Demand (BoD)},
	author = {Pierazzo, Elena and Stokes, Peter A.},
	editor = {Fischer, Franz and Fritze, Christiane and Vogeler, Georg},
	year = {2011},
	pages = {397--429}
}

@article{ries_philology_2017,
	series = {Cahier voor literatuurwetenschap},
	title = {Philology and the digital writing process},
	volume = {9},
	journal = {Genrehybriditeit in de literatuur},
	author = {Ries, Thorsten},
	editor = {Dhondt, Reindert and Martens, David},
	year = {2017},
	pages = {129--58}
}

@article{ries_rationale_2018,
	title = {The rationale of the born-digital dossier génétique: digital forensics and the writing process with examples from the {Thomas} {Kling} {Archive}},
	volume = {33},
	doi = {https://doi.org/10.1093/llc/fqx049},
	number = {2},
	journal = {Digital Scholarship in the Humanities},
	author = {Ries, Thorsten},
	year = {2018},
	pages = {424--391}
}

@incollection{schauble_encodings_2018,
	address = {Norderstedt},
	series = {Schriften des {Instituts} für {Dokumentologie} und {Editorik}},
	title = {Encodings and {Visualisations} of {Text} {Processes} across {Document} {Borders}.},
	volume = {12},
	booktitle = {Digital {Scholarly} {Editions} as {Interfaces}},
	publisher = {Books on Demand (BoD)},
	author = {Schäuble, Joshua and Gabler, Hans Walter},
	editor = {Bleier, Roman and Bürgermeister, Martina and Klug, Helmut W. and Neuber, Frederike and Schneider, Gerlinde},
	year = {2018},
	pages = {165--91}
}

@article{stevenson_revising_2006,
	title = {Revising in two languages: a multi-dimensional comparison of online writing revisions in {L1} and {FL}},
	volume = {15},
	doi = {https://doi.org/10.1016/j.jslw.2006.06.002},
	number = {3},
	journal = {Journal of Second Language Writing},
	author = {Stevenson, Marie and Schoonen, Rob and Glopper, Kees de},
	year = {2006},
	pages = {201--33}
}

@book{sullivan_work_2013,
	address = {Cambridge (MA)},
	title = {The {Work} of {Revision}},
	publisher = {Harvard University Press},
	author = {Sullivan, Hannah},
	year = {2013}
}

@misc{taylor_c_2018,
	title = {C {M} {Taylor} on ‘keystroke logging project’ with {British} {Library}},
	url = {https://blogs.bl.uk/english-and-drama/2018/11/c-m-taylor-on-keystroke-logging-project-with-british-library.html},
	urldate = {2020--06--24},
	journal = {British Library English and Drama Blog},
	author = {Taylor, C.M.},
	month = sep,
	year = {2018}
}

@techreport{van_hoorenbeeck_generic_2015,
	type = {White {Paper}},
	title = {A generic {XML}-structure for logging human computer interaction},
	url = {https://www.inputlog.net/wp-content/uploads/Generic_XML_structure_version-1_3.pdf},
	urldate = {2021--06--30},
	author = {Van Hoorenbeeck, Eric and Pauwaert, Tom and Van Waes, Luuk and Leijten, Mariëlle},
	year = {2015}
}

@book{van_hulle_modern_2014,
	address = {London},
	title = {Modern {Manuscripts}: {The} {Extended} {Mind} and {Creative} {Undoing} from {Darwin} to {Beckett} and {Beyond}},
	publisher = {Bloomsbury},
	author = {Van Hulle, Dirk},
	year = {2014}
}

@article{van_hulle_modelling_2016,
	title = {Modelling a {Digital} {Scholarly} {Edition} for {Genetic} {Criticism}: {A} {Rapprochement}},
	volume = {12-13},
	journal = {Variants},
	author = {Van Hulle, Dirk},
	year = {2016},
	pages = {34--56}
}

@article{van_hulle_logica_2019,
	title = {De logica van de tekstversie in digitaal geschreven literatuur},
	volume = {135},
	number = {4},
	journal = {Tijdschrift voor Nederlandse taal en letterkunde/Journal of Dutch Linguistics and Literature},
	author = {Van Hulle, Dirk},
	year = {2019},
	pages = {465--77}
}

@incollection{van_waes_logging_2011,
	address = {New York (NY)},
	title = {Logging {Tools} to {Study} {Digital} {Writing} {Processes}},
	booktitle = {Past, {Present}, and {Future} {Contributions} of {Cognitive} {Writing} {Research} to {Cognitive} {Psychology}},
	publisher = {Psychology Press},
	author = {Van Waes, Luuk and Leijten, Mariëlle and Wengelin, Åsa and Lindgren, Eva},
	editor = {Berninger, Virginia Wise},
	year = {2011},
	pages = {507--34}
}

@incollection{vasari_securing_2019,
	address = {Bielefeld},
	title = {Securing the {Literary} {Evidence}. {Some} {Perspectives} on {Digital} {Forensics}},
	booktitle = {Philology in the {Making}. {Analog}/{Digital} {Cultures} of {Scholarly} {Writing} and {Reading}},
	publisher = {transcript Verlag},
	author = {V{\' a}s{\' a}ri, Melinda},
	editor = {Kelemen, Pál and Pethes, Nicolas},
	year = {2019},
	pages = {287--309}
}

@article{vauthier_genetic_2016,
	title = {Genetic {Criticism} {Put} to the {Test} by {Digital} {Technology}: {Sounding} out the (mainly) {Digital} {Genetic} {File} of {El} {Dorado} by {Robert} {Juan}-{Cantavella}},
	volume = {12-13},
	journal = {Variants},
	author = {Vauthier, Bénédicte},
	year = {2016},
	pages = {163--86}
}

@article{wengelin_combined_2009,
	title = {Combined eye-tracking and keystroke-logging methods for studying cognitive processes in text production.},
	volume = {41},
	doi = {https://doi.org/10.3758/BRM.41.2.337},
	number = {2},
	journal = {Behavior Research Methods},
	author = {Wengelin, Åsa and Torrance, Mark and Holmqvist, Kenneth and Simpson, Sol and Galbraith, David and Johansson, Victoria and Johansson, Roger},
	year = {2009},
	pages = {337--51}
}

@incollection{andrews_what_2018,
	address = {Norderstedt},
	series = {Schriften des {Instituts} für {Dokumentologie} und {Editorik}},
	title = {What {Are} {You} {Trying} to {Say}? {The} {Interface} as an {Integral} {Element} of {Argument}.},
	volume = {12},
	booktitle = {Digital {Scholarly} {Editions} as {Interfaces}},
	publisher = {Books on Demand (BoD)},
	author = {Andrews, Tara L. and Van Zundert, Joris J.},
	editor = {Bleier, Roman and Bürgermeister, Martina and Klug, Helmut W. and Neuber, Frederike and Schneider, Gerlinde},
	year = {2018},
	pages = {3--34}
}

@misc{workgroup_on_genetic_editions_encoding_2010,
	title = {An {Encoding} {Model} for {Genetic} {Editions}},
	url = {https://tei-c.org/Vault/TC/tcw19.html},
	urldate = {2020--06--24},
	author = {{Workgroup on Genetic Editions}},
	year = {2010}
}

@misc{the_tei_consortium_tei_2020,
	title = {{TEI} {P5}: {Guidelines} for {Electronic} {Text} {Encoding} and {Interchange}},
	url = {https://tei-c.org/release/doc/tei-p5-doc/en/Guidelines.pdf},
	urldate = {2020--06--24},
	publisher = {Text Encoding Initiative Consortium},
	author = {{TEI Consortium}},
	year = {2020}
}

@article{van_hulle_dynamic_2021,
	title = {Dynamic {Facsimiles}: {Note} on the {Transcription} of {Born}-{Digital} {Works} for {Genetic} {Criticism}},
	volume = {15–16},
	journal = {Variants},
	author = {Van Hulle, Dirk},
	year = {2021},
	pages = {233--43}
}


@misc{bogaert_gie_2013,
	title = {Gie {Bogaert} over zijn bijzondere manier van schrijven},
	url = {https://youtu.be/EhRFiw-RZOY},
	urldate = {2020--07--09},
	publisher = {Standaard Uitgeverij},
	author = {Bogaert, Gie},
	month = jan,
	year = {2013}
}

@book{burnard_what_2014,
	address = {Marseille},
	title = {What is the {Text} {Encoding} {Initiative}? {How} to {Add} {Intelligent} {Markup} to {Digital} {Resources}. {New} {Edition} [online].},
	doi = {https://doi.org/10.4000/books.oep.426},
	publisher = {OpenEdition Press},
	author = {Burnard, Lou},
	year = {2014}
}
