
@book{contini_quarantanni_1989,
	address = {Torino},
	title = {Quarant'anni d'amicizia. Scritti su {Carlo} {Emilio} {Gadda} (1934--1988)},
	publisher = {Einaudi},
	author = {Contini, Gianfranco},
	year = {1989}
}

@book{gadda_gomitolo_2013,
	address = {Milano},
	title = {Un gomitolo di concause. Lettere a {Pietro} {Citati} (1957--1969)},
	publisher = {Adelphi},
	author = {Gadda, Carlo Emilio},
	editor = {Pinotti, Giorgio},
	year = {2013}
}

@book{gadda_conti_confessioni_1974,
	address = {Milano},
	title = {Le {Confessioni} di {Carlo} {Emilio} {Gadda}},
	publisher = {Pan},
	author = {Gadda Conti, Piero},
	year = {1974}
}

@incollection{pinotti_nota_2018,
	address = {Milano},
	title = {Nota al testo},
	booktitle = {Quer pasticciaccio brutto de via {Merulana}},
	publisher = {Adelphi},
	author = {Pinotti, Giorgio},
	editor = {Pinotti, Giorgio},
	collaborator = {Gadda, Carlo Emilio},
	year = {2018},
	pages = {309--55}
}

@book{roscioni_disarmonia_1975,
	address = {Torino},
	title = {La disarmonia prestabilita. Studio su {Gadda}},
	publisher = {Einaudi},
	author = {Roscioni, Gian Carlo},
	year = {1975}
}

@book{terzoli_commento_2015,
	address = {Roma},
	title = {Commento a \emph{{Quer} pasticciaccio brutto de via {Merulana}} di {Carlo} {Emilio} {Gadda}},
	publisher = {Carocci},
	editor = {Terzoli, Maria Antonietta},
	year = {2015}
}

@book{terzoli_gadda_2016,
	address = {Roma},
	title = {Gadda: guida al ``{Pasticciaccio}''},
	publisher = {Carocci},
	editor = {Terzoli, Maria Antonietta},
	year = {2016}
}

@book{terzoli_meraviglioso_2013,
	address = {Roma},
	title = {Un meraviglioso ordegno. Paradigmi e modelli nel ``{Pasticciaccio}'' di {Gadda}},
	publisher = {Carocci},
	editor = {Terzoli, Maria Antonietta and Veronese, Cosetta and Vitale, Vincenzo},
	year = {2013}
}
