
@book{beal_index_1987,
	address = {London},
	title = {Index of {English} {Literary} {Manuscripts} {II}: 1625-1700},
	publisher = {Maunsell},
	editor = {Beal, Peter},
	year = {1987}
}

@book{beal_index_1980,
	address = {London},
	title = {Index of {English} {Literary} {Manuscripts} {I}: 1475-1625},
	publisher = {Maunsell},
	editor = {Beal, Peter},
	year = {1980}
}

@article{wolf_ii_if_1948,
	title = {`{If} shadows be a pictureâ€™s excellence': {An} {Experiment} in {Critical} {Bibliography}},
	volume = {63},
	journal = {PMLA},
	author = {Wolf II, Edwin},
	year = {1948},
	pages = {831--57}
}

@book{north_anonymous_2003,
	address = {Chicago (IL)},
	title = {The {Anonymous} {Renaissance}: {Cultures} of {Discretion} in {Tudor}-{Stuart} {England}},
	publisher = {University of Chicago Press},
	author = {North, Marcy L.},
	year = {2003}
}

@article{nixon_aske_1999,
	title = {`{Aske} me no more' and the {Manuscript} {Verse} {Miscellany}},
	volume = {29},
	journal = {English Literary Renaissance},
	author = {Nixon, Scott},
	year = {1999},
	pages = {97--130}
}

@book{moore_smith_poems_1923,
	address = {Oxford},
	title = {The {Poems} {English} and {Latin} f {Edward}, {Lord} {Herbert} of {Cherbury}},
	publisher = {Oxford University Press},
	author = {Moore Smith, George Charles},
	year = {1923}
}

@book{martin_poetical_1956,
	address = {Oxford},
	title = {The {Poetical} {Works} of {Robert} {Herrick}},
	publisher = {Oxford University Press},
	author = {Martin, L. C.},
	year = {1956}
}

@article{love_ranking_1984,
	title = {The {Ranking} of {Variants} in the {Analysis} of {Moderately} {Contaminated} {Manuscript} {Traditions}},
	volume = {37},
	journal = {Studies in Bibliography},
	author = {Love, Harold},
	year = {1984},
	pages = {39--57}
}

@article{leishman_you_1945,
	title = {You {Meaner} {Beauties} of the {Night}. {A} {Study} in {Transmission} and {Transmogrification}},
	volume = {IV},
	number = {26},
	journal = {The Library},
	author = {Leishman, J. B.},
	year = {1945},
	pages = {99--123}
}

@book{herford_ben_1925,
	address = {Oxford},
	title = {Ben {Jonson}},
	publisher = {Oxford University Press},
	editor = {Herford, Charles Harold and Simpson, Percy and Simpson, Evelyn},
	year = {1925}
}

@article{hart_answer-poem_1956,
	title = {The {Answer}-{Poem} of the {Early} {Seventeenth} {Century}},
	volume = {N.S.},
	number = {7},
	author = {Hart, E. F.},
	year = {1956},
	pages = {19--29}
}

@book{gullans_english_1963,
	address = {Edinburgh},
	edition = {2},
	title = {The {English} and {Latin} {Poems} of {Sir} {Robert} {Ayton}},
	publisher = {Edinburgh University Press},
	editor = {Gullans, Charles B.},
	year = {1963}
}

@book{gardner_divine_1978,
	address = {Oxford},
	edition = {2},
	title = {The {Divine} {Poems} [of {John} {Donne}]},
	publisher = {Oxford University Press},
	editor = {Gardner, Helen Louise},
	year = {1978}
}

@book{gardner_elegies_1965,
	address = {Oxford},
	title = {The {Elegies} and the {Songs} and {Sonnets} [of {John} {Donne}]},
	publisher = {Oxford University Press},
	editor = {Gardner, Helen Louise},
	year = {1965}
}

@book{crum_poems_1966,
	address = {Oxford},
	title = {The {Poems} of {Henry} {King}},
	publisher = {Oxford University Press},
	editor = {Crum, Margaret},
	year = {1966}
}

@article{connolly_editing_2012,
	title = {Editing {Intention} in the {Manuscript} {Poetry} of {Robert} {Herrick}},
	volume = {52},
	journal = {Studies in English Literature},
	author = {Connolly, Ruth},
	year = {2012},
	pages = {69--84}
}

@book{cain_complete_2013,
	address = {Oxford},
	title = {The {Complete} {Poetry} of {Robert} {Herrick}},
	publisher = {Oxford University Press},
	editor = {Cain, Tom and Connolly, Ruth},
	year = {2013}
}

@book{cain_lords_2011,
	address = {Oxford},
	title = {Lords of {Wine} and {Oile}: {Community} and {Conviviality} in the {Poetry} of {Robert} {Herrick}},
	publisher = {Oxford University Press},
	editor = {Cain, Tom and Connolly, Ruth},
	year = {2011}
}

@article{bland_stemmatics_2013,
	title = {Stemmatics and {Society} in {Early} {Modern} {England}},
	volume = {85},
	journal = {Studia Neophilologica},
	author = {Bland, Mark B.},
	year = {2013},
	pages = {1--20}
}

@book{bland_guide_2010,
	address = {Chichester},
	title = {A {Guide} to {Early} {Printed} {Books} and {Manuscripts}},
	publisher = {Wiley Blackwell},
	author = {Bland, Mark B.},
	year = {2010}
}

@article{bland_jonson_1998,
	title = {Jonson, {Biathanatos} and the {Interpretation} of {Manuscript} {Evidence}},
	volume = {51},
	journal = {Studies in Bibliography},
	author = {Bland, Mark B.},
	year = {1998},
	pages = {154--82}
}

@book{beal_praise_1998,
	address = {Oxford},
	title = {In {Praise} of {Scribes}},
	publisher = {Oxford University Press},
	editor = {Beal, Peter},
	year = {1998}
}

@book{bevington_cambridge_2013,
	address = {Cambridge},
	title = {The {Cambridge} {Edition} of the {Works} of {Ben} {Jonson}},
	publisher = {Cambridge University Press},
	editor = {Bevington, David and Donaldson, Ian and Butler, Martin},
	year = {2013}
}
