
@incollection{allen_prologue_1958,
	address = {New York (NY)},
	title = {Prologue},
	booktitle = {The {First} {Night} {Gilbert} \& {Sullivan}},
	publisher = {The Limited Editions Club \& The Heritage Club},
	author = {Allen, Reginald},
	editor = {Allen, Reginald},
	year = {1958},
	pages = {xi--xxi}
}

@article{anonymous_review_1882,
	title = {Review of {Iolanthe}},
	journal = {The Sportsman},
	author = {Anonymous},
	month = nov,
	year = {1882},
	pages = {3}
}

@book{bailey_gilbert_1952,
	address = {London},
	title = {The {Gilbert} and {Sullivan} {Book}},
	publisher = {Cassel},
	author = {Bailey, Leslie},
	year = {1952}
}

@article{beatty-kingston_review_1883,
	title = {Review of {Iolanthe}},
	journal = {The Theatre},
	author = {Beatty-Kingston, William},
	month = jan,
	year = {1883},
	pages = {21--22}
}

@book{bond_life_1930,
	address = {London},
	title = {The {Life} and {Reminiscences} of {Jessie} {Bond}, the {Old} {Savoyard} as {Told} by {Herself} to {Ethel} {Macgeorge}},
	publisher = {John Lane},
	author = {Bond, Jessie},
	year = {1930}
}

@article{broude_gilbert_2008,
	title = {The {Gilbert} \& {Sullivan} {Critical} {Edition} and the {Full} {Scores} that {Never} {Were}},
	volume = {3},
	number = {2},
	journal = {Textual Cultures},
	author = {Broude, Ronald},
	year = {2008},
	pages = {71--89}
}

@article{broude_performance_2011,
	title = {Performance and the {Socialized} {Text}},
	volume = {6},
	number = {2},
	journal = {Textual Cultures},
	author = {Broude, Ronald},
	year = {2011},
	pages = {23--47}
}

@book{gaskell_writer_1978,
	address = {Oxford},
	title = {From {Writer} to {Reader}: {Studies} in {Editorial} {Method}},
	publisher = {Clarendon Press},
	author = {Gaskell, Philip},
	year = {1978}
}

@unpublished{gilbert_h_1878,
	address = {London},
	title = {[{H}. {M}. {S}. {Pinafore} licensing copy.]},
	author = {Gilbert, William Schwenck},
	year = {1878}
}

@book{gilbert_princess_1884,
	address = {London},
	title = {Princess {Ida}, or {Castle} {Adamant}},
	publisher = {Chappell \& Co., Ltd.},
	author = {Gilbert, William Schwenck and Sullivan, Arthur},
	year = {1884},
	note = {[First British edition of the vocal score.]}
}

@book{gilbert_h_2003,
	address = {New York (NY) \& Williamstown},
	series = {Gilbert \& {Sullivan}: {The} {Operas}},
	title = {H. {M}. {S}. {Pinafore}},
	volume = {3},
	publisher = {Broude Brothers},
	author = {Gilbert, William Schwenck and Sullivan, Arthur},
	editor = {Young, Percy},
	year = {2003}
}

@book{gilbert_iolanthe_2017,
	address = {New York (NY) \& Williamstown},
	series = {Gilbert \& {Sullivan}: {The} {Operas}},
	title = {Iolanthe},
	volume = {6},
	publisher = {The Broude Trust},
	author = {Gilbert, William Schwenck and Sullivan, Arthur},
	editor = {Hendrie, Gerald},
	year = {2017}
}

@book{gilbert_mikado_2022,
	address = {New York (NY) \& Williamstown},
	series = {Gilbert \& {Sullivan}: {The} {Operas}},
	title = {The {Mikado}},
	volume = {8},
	publisher = {The Broude Trust},
	author = {Gilbert, William Schwenck and Sullivan, Arthur},
	editor = {Broude, Ronald},
	year = {2022},
	note = {[forthcoming]}
}

@book{gosset_divas_2006,
	address = {Chicago (IL) \& London},
	title = {Divas and {Scholars}: {Performing} {Italian} {Opera}},
	publisher = {University of Chicago Press},
	author = {Gossett, Philip},
	year = {2006}
}

@book{joseph_doyly_1994,
	address = {Bristol},
	title = {The {D}’{Oyly} {Carte} {Opera} {Company} 1875-1982},
	publisher = {Bunthorne Books},
	author = {Joseph, Tony},
	year = {1994}
}

@book{lytton_secrets_1922,
	address = {London},
	title = {The {Secrets} of a {Savoyard}},
	publisher = {Jarrolds},
	author = {Lytton, Henry},
	year = {1922}
}

@book{mackie_nothing_2018,
	address = {Tolworth, Surrey},
	title = {Nothing {Like} {Work}},
	publisher = {Grosvenor House},
	author = {Mackie, David},
	year = {2018}
}

@article{miller_reward_2000,
	title = {The {Reward} of {Merit}? {An} {Examination} of the {Suppressed} ‘{De} {Belville}’ {Song} in {Gilbert} and {Sullivan}’s {Iolanthe}},
	volume = {51, Supplement [Autumn]},
	journal = {Sir Arthur Sullivan Society Magazine},
	author = {Miller, Bruce and Perry, Helga},
	year = {2000},
	pages = {1--17}
}

@mastersthesis{perry_everything_2005,
	address = {Barbour Institute},
	title = {Everything that’s {Excellent}},
	school = {University of Birmingham},
	author = {Perry, Helga},
	year = {2005}
}

@incollection{perry_introduction_2017,
	address = {New York (NY) \& Williamstown},
	series = {Gilbert \& {Sullivan}: {The} {Operas}},
	title = {Introduction},
	volume = {6},
	booktitle = {Iolanthe},
	publisher = {The Broude Trust},
	author = {Perry, Helga and Hendrie, Gerald and Barsham, Dinah},
	editor = {Hendrie, Gerald},
	collaborator = {Gilbert, William Schwenck and Sullivan, Arthur},
	year = {2017},
	pages = {1--17}
}

@book{rees_thespis_1964,
	address = {London},
	title = {Thespis, {A} {Gilbert} and {Sullivan} {Enigma}},
	publisher = {Dillon},
	author = {Rees, Terrence},
	year = {1964}
}

@book{rollins_gilbert_1962,
	title = {The {Gilbert} and {Sullivan} {Operas}: {A} {Record} of {Productions} 1875-1961},
	author = {Rollins, Cyril and Witts, R. John},
	year = {1962},
	note = {Several supplements were issued to bring coverage through 1982; these were issued informally.}
}

@book{gilbert_princess_2021,
	address = {New York (NY) \& Williamstown},
	series = {Gilbert \& {Sullivan}: {The} {Operas}},
	title = {Princess {Ida}},
	volume = {7},
	publisher = {The Broude Trust},
	author = {Gilbert, William Schwenck and Sullivan, Arthur},
	editor = {Sher, Richard},
	year = {2021},
	note = {[forthcoming]}
}


@unpublished{sullivan_mikado_1885,
	address = {London},
	title = {The {Mikado}},
	author = {Sullivan, Arthur},
	year = {1885},
	note = {[Autograph manuscript.] A facsimile of this manuscript has been published as \textit{The Mikado. Operetta in Two Acts with Libretto by W. S. Gilbert}. London: Gregg International Publishers Limited, 1968.}
}


@unpublished{sullivan_princess_1883,
	address = {Oxford},
	title = {Princess {Ida}},
	author = {Sullivan, Arthur},
	year = {1884},
	note = {[Autograph manuscript.]}
}

@unpublished{sullivan_iolanthe_1882,
	address = {London},
	title = {Iolanthe},
	author = {Sullivan, Arthur},
	year = {1882},
	note = {[Autograph manuscript.]}
}

@book{sullivan_facsimile_1968,
	address = {London},
	title = {Facsimile: {The} {Mikado}. {Operetta} in {Two} {Acts} with {Libretto} by {W}. {S}. {Gilbert}},
	publisher = {Gregg International Publishers Limited},
	author = {Sullivan, Arthur},
	year = {1968}
}

@incollection{young_introduction_2003,
	address = {New York (NY) \& Williamstown},
	series = {Gilbert \& {Sullivan}: {The} {Operas}},
	title = {Introduction},
	volume = {3},
	booktitle = {H. {M}. {S}. {Pinafore}},
	publisher = {Broude Brothers},
	author = {Young, Percy},
    collaborator = {Gilbert, William Schwenck and Sullivan, Arthur},
	editor = {Young, Percy},
	year = {2003},
	pages = {3--30}
}

@book{bradley_ian_complete_1996,
	address = {Oxford},
	title = {The {Complete} {Annotated} {Gilbert} \& {Sullivan}},
	publisher = {Oxford University Press},
	author = {Bradley, Ian},
	year = {1996},
	note = {[This is a revised, single-volume edition of the two volumes first published as \textit{The Annotated Gilbert \& Sullivan}.  London \& New York (NY): Penguin Books. 1982-84]}
}


@incollection{sher_critical_2021,
	address = {New York \& Williamstown},
	series = {Gilbert \& {Sullivan}: {The} {Operas}},
	title = {Critical {Apparatus}},
	volume = {7},
	booktitle = {Princess {Ida}},
	publisher = {The Broude Trust},
	author = {Sher, Richard},
	editor = {Sher, Richard},
	collaborator = {Gilbert, William Schwenck and Sullivan, Arthur},
	year = {2021},
	note = {[forthcoming]},
	pages = {n.p.}
}



@book{gilbert_trial_1993,
	address = {New York (NY) \& Williamstown},
	series = {Gilbert \& {Sullivan}: {The} {Operas}},
	title = {Trial by {Jury}},
	volume = {1},
	publisher = {Broude Brothers},
	author = {Gilbert, William Schwenck and Sullivan, Arthur},
	editor = {Ledbetter, Steven},
	year = {1993}
}

