@phdthesis{doran_text_2015,
	address = {Cork},
	type = {{DPhil}},
	title = {Textual {Criticism} and {Medieval} {Irish} {Studies}},
	school = {University College Cork},
	author = {Doran, Michelle},
	year = {2015}
}

@unpublished{doran_reflections_2016,
  author = {Doran, Michelle},
  title  = {Reflections on {Medieval} {Studies} and the {Typology} of {Digital} {Scholarly} {Editions}},
  note   = {Unpublished essay},
  year   = {2016}
  }
  
  @incollection{buzzoni_protocol_2016,
  title={A {Protocol} for {Scholarly} {Digital} {Editions}? {The} {Italian} {Point} of {View}},
  author={Buzzoni, Marina},
  booktitle = {Digital {Scholarly} {Editing}: {Theories} and {Practices}},
  publisher = {Open Book Publishers},
  editor = {Pierazzo, Elena and Driscoll, Matthew James},
  pages={59--82},
  year={2016}
}

@book{edmond_digital_2020,
  title={Digital {Technology} and the {Practices} of {Humanities} {Research}},
  editor={Edmond, Jennifer},
  year={2020},
  publisher={Open Book Publishers},
  doi = {https://doi.org/10.11647/OBP.0192},
  address = {Cambridge}
}


@book{pierazzo_digital_2014,
	address = {Abingdon-on-Thames},
	title = {Digital {Scholarly} {Editing}: {Theories} {Models} and {Methods}},
	publisher = {Routledge},
	author = {Pierazzo, Elena},
	year = {2014}
	}
	
@book{schreibman_companion_2014,
	address = {Oxford},
	title = {A {Companion} to {Digital} {Humanities}},
	publisher = {Blackwell},
	editor = {Schreibman, Susan and Siemens, Ray and Unsworth, Jon},
	year = {2014}
	}

@article{zundert_case_2016,
	title = {The {Case} of the {Bold} {Button}: {Social} {Shaping} of {Technology} and the {Digital} {Scholarly} {Edition}},
	volume = {31},
	number = {4},
	journal = {Digital Scholarship in the Humanities},
	author = {Van Zundert, Joris},
	year = {2016},
	pages = {898--910},
	doi = {https://doi.org/10.1093/llc/fqw012}
}

@misc{the_tei_consortium_tei_2020,
	title = {{TEI} {P5}: {Guidelines} for {Electronic} {Text} {Encoding} and {Interchange}},
	url = {https://tei-c.org/release/doc/tei-p5-doc/en/Guidelines.pdf},
	urldate = {2021--03--02},
	publisher = {Text Encoding Initiative Consortium},
	author = {{TEI Consortium}},
	year = {2020}
}

@article{siemens_modeling_2012,
	title = {Toward {Modeling} the {Social} {Edition}: {An} {Approach} to {Understanding} the {Electronic} {Scholarly} {Edition} in the {Context} of {New} and {Emerging} {Social} {Media}},
	volume = {27},
	journal = {Literary and Linguistic Computing},
	author = {Siemens, Ray and Timney, Megan and Leitch, Cara and Koolen, Corina and Garnett, Alex},
	addendum = {with the ETCL, INKE and PKP Research Groups},
	year = {2012},
	pages = {445--61}
}

@article{svensson_humanities_2009,
	title = {Humanities {Computing} as {Digital} {Humanities}},
	volume = {3},
	number = {3},
	journal = {Digital Humanities Quarterly},
	author = {Svensson, Patrick},
	year = {2009},
	url = {https://www.digitalhumanities.org/dhq/vol/3/3/000065/000065.html},
	urldate = {2021--07--02}
}

@article{svensson_landscape_2010,
	title = {The {Landscape} of {Digital} {Humanities}},
	volume = {4},
	number = {1},
	journal = {Digital Humanities Quarterly},
	author = {Svensson, Patrick},
	year = {2010},
	url = {http://digitalhumanities.org/dhq/vol/4/1/000080/000080.html},
	urldate = {2021--07--02}
}

@article{price_edition_2009,
	title = {Edition, {Project}, {Database}, {Archive}, {Thematic} {Research} {Collection}: {What's} in a {Name}?},
	volume = {3},
	number = {3},
	journal = {Digital Humanities Quarterly},
	author = {Price, Kenneth M.},
	year = {2009},
	url = {http://www.digitalhumanities.org/dhq/vol/3/3/000053/000053.html},
	urldate = {2021--07--02}
}

@article{davidson_humanities_2008,
	title = {Humanities 2.0: {Promises},  {Perils}, {Predictions}},
	volume = {123},
	number = {3},
	journal = {PMLA},
	author = {Davidson, Cathy},
	year = {2008},
	pages = {707--17}
	}

@article{dinucci_fragmented_1999,
	title = {Fragmented {Future}},
	volume = {53},
	number = {4},
	journal = {Print},
	author = {DiNucci, Darcy},
	year = {1999},
	pages = {221-22}
}

@article{zundert_mirador_2018,
	title = {On {Not} {Writing} a {Review} about {Mirador}: {Mirador} {IIIF}, and the {Epistemological}  {Gains} of {Distributed} {Digital} {Scholarly} {Resources}},
	volume = {11},
	journal = {Digital Medievalist},
	author = {Van Zundert, Joris},
	year = {2018},
	pages = {5: 1--48},
	doi = {http://doi.org/10.16995/dm.78}
}

@article{kirschenbaum_digital_2010,
	title = {What {Is} {Digital} {Humanities} and {What's} {It} {Doing} {In} {English}  {Departments}?},
	volume = {150},
	journal = {Association of Departments of English (ADE) Bulletin},
	author = {Kirschenbaum, Matthew},
	year = {2010},
	doi = {https://doi.org/10.1632/ade.150.55}
}

@article{robinson_current_2005,
	title = {Current {Issues} in {Making} {Digital} {Editions} of {Medieval} {Texts}, or {Do} {Electronic} {Scholarly} {Editions} {Have} a {Future}?},
	volume = {1},
	journal = {Digital Medievalist},
	author = {Robinson, Peter},
	year = {2005},
	doi = {http://doi.org/10.16995/dm.8}
}

@article{robinson_towards_2013,
  title={Towards a {Theory} of {Digital} {Editions}},
  author={Robinson, Peter},
  journal={Variants, The Journal of the European Society for Textual Scholarship},
  volume={10},
  pages={126--27},
  year={2013},
  publisher={Brill Rodopi}
}


@online{prescott_riffs_2003,
    title = {Riffs on {McCarthy}},
    author = {Prescott, Andrew},
    publisher = {Digital Riffs},
    url = {http://digitalriffs.blogspot.com/2013/07/riffs-on-mccarty.html},
    year = {2003},
    urldate = {2021--07--02}
}

@inbook{mcgann_rationale_2001,
    title={The {Rationale} of {Hypertext}},
    author={McGann, Jerome},
    booktitle={Radiant Textuality},
    publisher={Palgrave McMillan},
    address={New York (NY)},
    pages={53--75},
    year={2001}
}

@article{robinson_social_2016,
	title = {Social {Editions}, {Social} {Editing}, and {Social} {Texts}},
	volume = {6},
	journal = {Digital Studies / Le Champ Num√©rique},
	author = {Robinson, Peter},
	year = {2016},
	url = {https://www.digitalstudies.org/articles/10.16995/dscn.6/},
	urldate = {2022--07--02},
}

@article{robinson_digital_2016,
  title={The {Digital} {Revolution} in {Scholarly} {Editing}},
  author={Robinson, Peter},
  journal={Ars Edendi Lecture Series IV},
  pages={181--207},
  year={2016},
  address={Stockholm},
  publisher={Stockholm University Press}
}


@incollection{pierazzo_modelling_2016,
	address = {Cambridge},
	title = {Modelling {Digital} {Scholarly} {Editing}: {From} {Plato} to {Heraclitus}},
	booktitle = {Digital {Scholarly} {Editing}: {Theories} and {Practices}},
	publisher = {Open Book Publishers},
	author = {Pierazzo, Elena},
	editor = {Pierazzo, Elena and Driscoll, Matthew James},
	year = {2016},
	pages = {41--58}
}

@incollection{sahle_scholarly_2016,
	address = {Cambridge},
	title = {What is a {Digital} {Scholarly} {Edition}},
	booktitle = {Digital {Scholarly} {Editing}: {Theories} and {Practices}},
	publisher = {Open Book Publishers},
	author = {Sahle, Patrick},
	editor = {Pierazzo, Elena and Driscoll, Matthew James},
	year = {2016},
	pages = {19--40}
}

@incollection{zundert_barely_2016,
	address = {Cambridge},
	title = {Barely {Beyond} the {Book}?},
	booktitle = {Digital {Scholarly} {Editing}: {Theories} and {Practices}},
	publisher = {Open Book Publishers},
	author = {Van Zundert, Joris},
	editor = {Pierazzo, Elena and Driscoll, Matthew James},
	year = {2016},
	pages = {83--106}
}

@misc{corpus_celt,
    title={CELT: {Corpus} of {Electronic} {Texts}},
    year={1997--},
    publisher={University College Cork},
    url={https://celt.ucc.ie},
    urldate = {2021--07--03}
}

@incollection{franzini_catalogue_2016,
	address = {Cambridge},
	title = {A {Catalogue} of {Digital} {Editions}},
	booktitle = {Digital {Scholarly} {Editing}: {Theories} and {Practices}},
	publisher = {Open Book Publishers},
	author = {Franzini, Greta and Terras, Melissa and Mahony, Simon},
	editor = {Pierazzo, Elena and Driscoll, Matthew James},
	year = {2016},
	pages = {161--82}
}

@book{svensson_big_2016,
	address = {Ann Arbor (MI},
	title = {Big {Digital} {Humanities}: {Imagining} a {Meeting} {Place} for the {Humanities} and the {Digital}.},
	publisher = {University of Michigan Press},
	author = {Svensson, Patrick},
	year = {2016},
	doi = {https://doi.org/10.2307/j.ctv65sx0t.12},
}