
@book{conrad_under_2013,
	address = {Cambridge},
	series = {\emph{({The} {Cambridge} {Edition} of the {Works} of {Joseph} {Conrad}}. {J}.{H}. {Stape} and {Alan} {Simmons}, {eds}.)},
	title = {Under {Western} {Eyes}},
	publisher = {Cambridge University Press},
	author = {Conrad, Joseph},
	editor = {Osborne, Roger and Eggert, Paul},
	year = {2013}
}


@book{harpur_charles_2019,
	address = {Sydney},
	title = {The {Charles} {Harpur} {Critical} {Archive}},
	url = {https://charles-harpur.org/Home/Site/},
	urldate = {2020--06--15},
	publisher = {Sydney University Press},
	author = {Harpur, Charles},
	editor = {Eggert, Paul},
	year = {2019}
}
