
@incollection{ahl_ars_1988,
	address = {Blackwell},
	title = {Ars {Est} {Caelare} {Artem} ({Art} in {Puns} and {Anagrams} {Engraved})},
	booktitle = {On {Puns}: the foundation of letters},
	author = {Ahl, Frederick},
	editor = {Culler, Jonathan},
	year = {1988},
	pages = {17--43}
}

@book{arber_transcript_1877,
	address = {London},
	title = {A {Transcript} of the {Registers} of the {Company} of {Stationers} of {London}, 1554–1640.},
	publisher = {Edward Arber},
	author = {Arber, Edward},
	year = {1877}
}

@misc{augustinus_sermones_nodate,
	title = {Sermones de tempore},
	url = {http://www.augustinus.it/latino/discorsi/index2.htm},
	urldate = {2020--10--12},
	journal = {augustinus.it},
	author = {Augustinus, Aurelius Hipponensis},
	date = {n.d.}
}

@book{austin_devotionis_1635,
	address = {London},
	title = {Devotionis augustinianae flamma, or, {Certaine} {Devout}, {Godly}, and {Learned} {Meditations} written by the {Excellently}-accomplisht {Gentleman}, {William} {Austin}, of {Lincolnes}-{Inne}, {Esquire}},
	shorttitle = {be},
	publisher = {John Legat and Ralph Mab},
	author = {Austin, William},
	year = {1635}
}

@book{beal_index_1980,
	address = {London},
	title = {Index of {English} {Literary} {Manuscrips}},
	publisher = {Mansell},
	author = {Beal, Peter},
	year = {1980},
	note = {[Pebworth, p. 28]}
}

@misc{celm_cor_540,
	title = {{CoR} 540},
	year = {2013},
	url = {http://www.celm-ms.org.uk/authors/corbettrichard.html#british-library-harley-3000_id352097},
	urldate = {2020--0--06},
	booktitle = {{CELM}. {Catalogue} of {English} {Literary} {Manuscripts} 1450–1700},
	contributor = {Beal, Peter},
	author = {CELM}
}

@misc{celm_cwt_236,
	title = {{CwT} 236},
	year = {2013},
	url = {http://www.celm-ms.org.uk/authors/carewthomas.html#bodleian-ashmole_id424111},
	urldate = {2020--08--06},
	journal = {CELM. Catalogue of English Literary Manuscripts 1450–1700},
	collaborator = {Beal, Peter},
	author = {CELM}
}

@misc{celm_cwt_250,
	title = {CwT 250},
	year = {2013},
	url = {http://www.celm-ms.org.uk/authors/carewthomas.html#british-library-B47_id676262#british-library-B47_id676262},
	urldate = {2020--08--06},
	journal = {CELM. Catalogue of English Literary Manuscripts 1450–1700},
	collaborator = {Beal, Peter},
	author = {CELM}
}

@misc{celm_dnj_1584,
	title = {{DnJ} 1584},
	year = {2013},
	url = {http://www.celm-ms.org.uk/authors/donnejohn.html#harvard_id670058},
	urldate = {2020--08--06},
	journal = {CELM. Catalogue of English Literary Manuscripts 1450–1700},
	collaborator = {Beal, Peter},
	author = {CELM}
}

@misc{celm_dnj_1578,
	title = {{DnJ} 1578},
	year = {2013},
	url = {http://www.celm-ms.org.uk/repositories/bodleian-ashmole.html#bodleian-ashmole_id441623},
	urldate = {2020--08--06},
	journal = {CELM. Catalogue of English Literary Manuscripts 1450–1700},
	collaborator = {Beal, Peter},
	author = {CELM}
}

@misc{celm_dnj_1577,
	title = {{DnJ} 1577},
	year = {2013},
	url = {https://celm-ms.org.uk/repositories/british-library-stowe.html#british-library-stowe_id676186},
	urldate = {2020--08--06},
	journal = {CELM. Catalogue of English Literary Manuscripts 1450–1700},
	collaborator = {Beal, Peter},
	author = {CELM}
}


@misc{celm_hoj_129,
	title = {{HoJ} 129},
	year = {2013},
	url = {http://www.celm-ms.org.uk/authors/hoskynsjohn.html#british-library-B47_id676186},
	urldate = {2020--08--06},
	journal = {CELM. Catalogue of English Literary Manuscripts 1450–1700},
	collaborator = {Beal, Peter},
	author = {CELM}
}

@article{challis_conflicting_2016,
	title = {Conflicting {Role} of the {Speaker} and the {Divine} in the {Holy} {Sonnets}},
	volume = {9},
	number = {1},
	journal = {Criterion},
	author = {Challis, Annette},
	year = {2016},
	pages = {88--100}
}

@incollection{cottegnies_autour_1999,
	address = {St-Etienne},
	title = {Autour d’{Izaak} {Walton} et sa {Life} of {Donne} (1640): l’essor de la biographie au {XVIIe} siècle},
	booktitle = {La {Biographie} littéraire en {Angleterre} ({XVIIe}–{XXe} siècles)},
	publisher = {Publications de l’Université de Saint-Etienne},
	author = {Cottegnies, Line},
	editor = {Regard, F.},
	year = {1999},
	pages = {31--44}
}

@book{donne_poems_1633,
	address = {London},
	title = {Poems, by {J}. {D}. {With} {Elegies} on the {Authors} {Death}},
	publisher = {M[iles] F[lesher] for Iohn Marriot},
	author = {Donne, John},
	year = {1633}
}

@book{donne_poems_1635,
	address = {London},
	title = {Poems, by {J}. {D}. {With} {Elegies} on the {Authors} {Death}},
	publisher = {M[iles] F[lesher] for Iohn Marriot},
	author = {Donne, John},
	year = {1635}
}

@book{donne_poems_1639,
	address = {London},
	title = {Poems, by {J}. {D}. {With} {Elegies} on the {Authors} {Death}},
	publisher = {M[iles] F[lesher] for Iohn Marriot},
	author = {Donne, John},
	year = {1639}
}

@book{donne_poems_1649,
	address = {London},
	title = {Poems, by {J}. {D}. {With} {Elegies} on the {Authors} {Death}},
	publisher = {M[iles] F[lesher] for Iohn Marriot},
	author = {Donne, John},
	year = {1649}
}

@book{donne_poems_1650,
	address = {London},
	title = {Poems, by {J}. {D}. {With} {Elegies} on the {Authors} {Death}. {To} which is added {Divers} {Copies} under his own {Hand} never before in {Print}},
	publisher = {M[iles] F[lesher] for Iohn Marriot},
	author = {Donne, John},
	year = {1650}
}

@book{donne_poems_1654,
	address = {London},
	title = {Poems, by {J}. {D}. {With} {Elegies} on the {Authors} {Death}. {To} which is added {Divers} {Copies} under his own {Hand} never before in {Print}},
	publisher = {M[iles] F[lesher] for Iohn Marriot},
	author = {Donne, John},
	year = {1654}
}

@book{grierson_poems_1912,
	address = {Oxford},
	title = {The {Poems} of {John} {Donne}: {Edited} from the {Old} {Editions} and {Numerous} {Manuscripts}},
	publisher = {Clarendon Press},
	editor = {Grierson, Herbert J. C.},
	year = {1912}
}

@book{haskin_john_2007,
	address = {Oxford},
	title = {John {Donne} in the {Nineteenth} {Century}},
	publisher = {Oxford University Press},
	author = {Haskin, Dayton},
	year = {2007}
}

@book{holifield_covenant_1974,
	address = {New Haven (CT)},
	title = {The {Covenant} {Sealed}: {The} {Development} of {Puritan} {Sacramental} {Theology} in {Old} and {New} {England}, 1570–1720},
	publisher = {Yale University Press},
	author = {Holifield, E. Brooks},
	year = {1974}
}

@article{lambert_du_2012,
	title = {Du modèle hagiographique à la biographie: filiations génériques dans {The} {Life} of {John} {Donne} d’{Izaak} {Walton}},
	url = {http://09.edel.univ-poitiers.fr/shakespeare/index/lodel/players/lodel/index.php?id=618},
	volume = {9},
	urldate = {2018--06--11},
	journal = {Shakespeare en devenir - Les Cahiers de La Licorne},
	author = {Lambert, Violane},
	year = {2012}
}

@article{lappin_baroquely_2019,
	title = {Baroquely {Valedicting}: {Donne} forbidding mourning. {Date}, purpose, and repurposing},
	volume = {92},
	doi = {https://doi.org/10.1080/00393274.2019.1661013},
	number = {1},
	journal = {Studia Neophilologica},
	author = {Lappin, Anthony John},
	year = {2019},
	pages = {1--38}
}

@article{leigh_donnes_1978,
	title = {Donne’s ‘{A} {Hymne} to {God} the {Father}’: {New} {Dimensions}},
	volume = {75},
	journal = {Studies in Philology},
	author = {Leigh, David},
	year = {1978},
	pages = {84--91}
}

@book{mariotti_john_1986,
	address = {Madison},
	title = {John {Donne}, {Coterie} {Poet}},
	publisher = {University of Wisconsin Press},
	author = {Mariotti, Arthur F.},
	year = {1986}
}

@incollection{martin_izaak_2003,
	address = {Cambridge},
	title = {Izaak {Walton} and the ‘{Re}-{Inanimation}’ of {Dr} {Donne}},
	booktitle = {John {Donne}’s {Professional} {Lives}},
	publisher = {D. S. Brewer},
	author = {Martin, Jessica},
	editor = {Colclough, D.},
	year = {2003},
	pages = {249--59}
}

@book{mccolley_poetry_nodate,
	address = {Cambridge},
	title = {Poetry and {Music} in {Seventeenth}-{Century} {England}},
	publisher = {Cambridge University Press},
	author = {McColley, Diane Kelsey}
}

@book{novarr_making_1958,
	address = {Cornell},
	title = {The {Making} of {Walton}’s {Lives}.},
	publisher = {Cornell University Press},
	author = {Novarr, David},
	year = {1958}
}

@article{novarr_amor_1987,
	title = {Amor {Vincit} {Omnia}: {Donne} and the {Limits} of {Ambiguity}},
	volume = {82},
	journal = {Modern Language Review},
	author = {Novarr, David},
	year = {1987},
	pages = {286--92}
}

@book{patridge_shakespeares_1968,
	address = {London},
	edition = {2},
	title = {Shakespeare’s {Bawdy}: {A} {Literary} and {Psychological} {Essay} and a {Comprehensive} {Glossary}},
	publisher = {Routledge \& Kegan Paul},
	author = {Patridge, Eric},
	year = {1968}
}

@article{pebworth_editor_1987,
	title = {The {Editor}, the {Critic}, and the {Multiple} {Texts} of {Donne}’s ‘{A} {Hymne} to {God} the {Father}’},
	volume = {4},
	number = {2},
	journal = {South Central Review},
	author = {Pebworth, Ted-Larry},
	year = {1987},
	pages = {16--34}
}

@book{quaife_wanton_1979,
	address = {New Brunswick},
	title = {Wanton {Wenches} and {Wayward} {Wives}: {Peasants} and {Illicit} {Sex} in {Early} {Seventeenth}-{Century} {England}},
	publisher = {Rutgers University Press},
	author = {Quaife, Geoffrey Robert},
	year = {1979}
}

@book{robbins_complete_2013,
	address = {Abingdon},
	title = {The {Complete} {Poems} of {John} {Donne}},
	publisher = {Routledge},
	editor = {Robbins, Robbin},
	year = {2013}
}

@book{smith_john_1983,
	address = {London},
	title = {John {Donne}: {The} {Critical} {Heritage}},
	publisher = {Routledge},
	author = {Smith, A. J.},
	year = {1983}
}

@book{targoff_john_2008,
	address = {Chicago (IL)},
	title = {John {Donne}, {Body} and {Soul}},
	publisher = {University of Chicago Press},
	author = {Targoff, Remie},
	year = {2008}
}

@article{thompson_mysticism_1921,
	title = {Mysticism in {Seventeenth}-{Century} {English} {Literature}},
	volume = {18},
	journal = {Studies in Philology},
	author = {Thompson, E. N . S.},
	year = {1921},
	pages = {170--231}
}

@book{walton_life_1658,
	address = {London},
	title = {The {Life} of {John} {Donne}, {Dr}. in {Divinity}, and late {Dean} of {Saint} {Pauls} {Church} {London}. {The} {Second} {Impression} corrected and enlarged},
	publisher = {J[ohn] G[rismond] for R[ichard] Marriot},
	author = {Walton, Izaak},
	year = {1658}
}

@book{walton_lives_1670,
	address = {London},
	title = {The {Lives} of {Dr}. {John} {Donne}, {Sir} {Henry} {Wotton}, {Mr}. {Richard} {Hooker}, {Mr}. {George} {Herbert}},
	publisher = {Tho[mas] Newcomb for Richard Marriott},
	author = {Walton, Izaak},
	year = {1670}
}

@book{walton_lives_1675,
	address = {London},
	edition = {4},
	title = {The {Lives} of {Dr}. {John} {Donne}, {Sir} {Henry} {Wotton}, {Mr}. {Richard} {Hooker}, {Mr}. {George} {Herbert}},
	publisher = {Tho[mas] Newcomb for Richard Marriott},
	author = {Walton, Izaak},
	year = {1675}
}

@book{walton_lives_1807,
	address = {York},
	edition = {2},
	title = {The {Lives} of {Dr}. {John} {Donne}, {Sir} {Henry} {Wootton}, {Mr}. {Richard} {Hooker}, {Mr}. {George} {Herbert}, and {Dr}. {Robert} {Sanderson}, with the {Notes}, and the {Life} of the {Author} by {Thomas} {Zouch}, {D}.{D}. {F}.{L}.{S}. {Prebendary} of {Durham}},
	publisher = {T. Wilson and R. Spence},
	author = {Walton, Izaak},
	year = {1807}
}

@book{winstanley_lives_1687,
	address = {London},
	title = {The lives of the most famous {English} poets, or, the honour of {Parnassus} in a brief essay of the works and writings of above two hundred of them, from the time of {K}. {William} the {Conqueror} to the reign of {His} {Present} {Majesty}, {King} {James} {II}},
	publisher = {H. Clark for Samuel Manship},
	author = {Winstanley, William},
	year = {1687}
}


@article{amossy_double_2009,
	title = {La double nature de l’image de l’auteur},
	volume = {3},
	doi = {https://doi.org/10.4000/aad.662},
	journal = {Argumentation et analyse du discours},
	author = {Amossy, Ruth},
	year = {2009},
}

@article{armstrong_paratexts_2007,
	title = {Paratexts and their {Functions} in {Seventeenth}-{Century} {English} ‘{Decamerons}'},
	volume = {102},
	journal = {The Modern Language Review},
	author = {Armstrong, Guyda},
	year = {2007},
	pages = {40--57}
}

@book{bonoeil_his_1622,
	address = {London},
	title = {His {Maiesties} gracious letter to the {Earle} of {South}-{Hampton}, treasurer, and to the {Councell} and {Company} of {Virginia} heere commanding the present setting vp of silke works, …. {Also} a treatise of the art of making silke.},
	publisher = {Felix Kyngston},
	author = {Bonoeil, John},
	year = {1622}
}

@book{calvin_institution_1561,
	address = {London},
	title = {The {Institution} of the {Christian} {Religion}},
	publisher = {Reinolde Wolf and Richarde Harrison},
	author = {Calvin, John},
	translator = {Norton, Thomas},
	year = {1561}
}

@article{cora_institution_1996,
	title = {The {Institution} of the {Christian} {Religion}},
	volume = {6},
	journal = {Sociedad Española de Estudios Renacentistas Ingleses},
	author = {Cora, Jesús},
	year = {1996},
	pages = {21--28}
}

@book{duff_minor_1934,
	address = {London},
	title = {Minor {Latin} {Poets}},
	publisher = {Wiliam Heinemann},
	author = {Duff, J. Wight and Duff, Arnold M.},
	year = {1934}
}

@article{hatch_virginia_1957,
	title = {The {Virginia} {Magazine} of {History} and {Biography}},
	volume = {67},
	number = {1},
	journal = {The Virginia Magazine of History and Biography},
	author = {Hatch, Jr., Charles E.},
	year = {1957},
	pages = {3--61}
}

@book{oliver_donnes_1997,
	address = {London},
	title = {Donne’s {Religious} {Writing}: a discourse of feigned devotion},
	publisher = {Longman},
	author = {Oliver, P. M.},
	year = {1997}
}

@article{roston_donne_2005,
	title = {Donne and the {Meditative} {Tradition}},
	volume = {37},
	number = {1},
	journal = {Religion and Literature},
	author = {Roston, Myrray},
	year = {2005},
	pages = {45--68}
}

@book{staples_clothing_2013,
	address = {Santa Barbara (CA)},
	title = {Clothing throughout {American} {History}: the {British} colonial era},
	publisher = {Greenwood},
	author = {Staples, Kathleen A. and Shaw, Madelyn},
	year = {2013}
}

@book{taylor_all_1630,
	address = {London},
	title = {All the {Workes} of {John} {Taylor}, the {Water}-{Poet}},
	publisher = {I.B. for James Boler},
	author = {Taylor, John},
	year = {1630}
}

@book{von_rohr_covenant_2002,
	address = {Eugene (OR)},
	title = {The {Covenant} of {Grace} in {Early} {Puritan} {Thought}.},
	publisher = {Wipf and Stock},
	author = {Von Rohr, John},
	year = {2002}
}

@book{walton_lxxx_1640,
	address = {London},
	title = {{LXXX} {Sermons} preached by the learned and reverend divine, {Iohn} {Donne}, {Dr}. in {Divinity}, {Late} {Dean} of the {Cathedrall} {Church} of {St} {Pauls} {London}},
	publisher = {for Richard Royston and Richard Marriot},
	author = {Walton, Izaak},
	year = {1640}
}

@book{williams_dictionary_1994,
	address = {London},
	title = {A {Dictionary} of {Sexual} {Language} and {Imagery} in {Shakespearean} and {Stuart} {England}},
	publisher = {Athlone Press},
	author = {Williams, Gordon},
	year = {1994}
}

@article{wilson_foucault_2004,
	title = {Foucault on the ‘question of the author’: a critical exegesis},
	volume = {99},
	journal = {Modern Language Review},
	author = {Wilson, Adrian},
	year = {2004},
	pages = {339--63}
}
