
@unpublished{arab_audientie_nodate,
	title = {Audiëntie 554},
    year = {n.d.},
	author = {ARAB, Algemeen Rijksarchief van België},
}

@unpublished{hua_staten_nodate,
	title = {Staten van {Utrecht} {Landsheerlijke} {Tijd}},
	year = {n.d.},
	author = {HUA, Het Utrechts Archief}
}

@unpublished{kha_i12_nodate,
	title = {A 11/{XIV} {I}/12},
	year = {n.d.},
	author = {KHA, Koninklijk Huisarchie Den Haag}
}

@unpublished{kha_e30_nodate,
	title = {A 11/{XIV} {E}/30},
	year = {n.d.},
	author = {KHA, Koninklijk Huisarchief Den Haag}
}

@unpublished{rad_stadsarchieven_nodate,
	title = {3 {Stadsarchieven}},
	year = {n.d.},
	author = {RAD, Regionaal Archief Dordrecht}
}

@misc{van_oostendorp_handen_2013,
	title = {Handen af van {Louis} {Couperus}!},
	url = {https://www.neerlandistiek.nl/2013/05/handen-af-van-louis-couperus/},
	language = {nl-NL},
	urldate = {2019--11--01},
	journal = {Neerlandistiek},
	author = {van Oostendorp, Marc},
	month = may,
	year = {2013},
	note = {Library Catalog: www.neerlandistiek.nl}
}

@article{jansen_hom_2007,
	title = {Hom of kuit {Moeten} de {Nederlandse} klassiekers hertaald worden?},
	url = {https://www.dbnl.org/tekst/_taa014200701_01/_taa014200701_01_0108.php},
	language = {nl},
	volume = {76},
	urldate = {2020--07--27},
	journal = {Onze Taal},
	author = {Jansen, Frank},
	year = {2007},
	note = {Library Catalog: www.dbnl.org
Publisher: DBNL},
	pages = {175}
}

@article{kuipers_pinkeltje_1996,
	title = {‘{Die} {Pinkeltje} is zo'n betweter af en toe...’ {Suzanne} {Braam} over het hertalen van kinderboeken},
	volume = {14},
	url = {https://www.dbnl.org/tekst/_voo013199601_01/_voo013199601_01_0027.php},
	language = {nl},
	number = {2},
	urldate = {2020--07--27},
	journal = {Vooys},
	author = {Kuipers, Maarten and Smeets, Karin},
	year = {1996},
	note = {Library Catalog: www.dbnl.org
Publisher: DBNL},
	pages = {38--42}
}

@book{baker_routledge_2009,
	address = {London},
	title = {Routledge {Encyclopedia} of {Translation} {Studies}},
	publisher = {Routledge},
	author = {Baker, Mona and Saldanha, Gabriela},
	year = {2009}
}

@article{benjamin_reconstructing_nodate,
	title = {Reconstructing {Readability}: {Recent} {Developments} and {Recommendations} in the {Analysis} of {Text} {Difficulty}},
	volume = {24},
	number = {1},
	journal = {Educational Psychology Review},
	author = {Benjamin, Rebekah G},
	pages = {63--88}
}

@incollection{berk_albachten_intralingual_571,
	address = {West Sussex},
	title = {Intralingual {Translation}: {Discussions} within {Translation} {Studies} and the {Case} of {Turkey}},
	booktitle = {A {Companion} to {Translation} {Studies}},
	publisher = {Wiley \& Sons},
	author = {Berk Albachten, Özlem},
	editor = {Berman, Sandra and Porter, Catherine},
	year = {571}
}

@book{catford_linguistic_1965,
	address = {Oxford},
	title = {A {Linguistic} {Theory} of {Translation}},
	publisher = {Oxford University Press},
	author = {Catford, John},
	year = {1965}
}

@article{domingo_historical_2017,
	title = {Historical documents modernization},
	volume = {108},
	number = {1},
	journal = {The Prague Bulletin of Mathematical Linguistics},
	author = {Domingo, Miguel and Chinea-Rios, Mara and Casacuberta, Francisco},
	year = {2017},
	note = {Publisher: Sciendo},
	pages = {295--306}
}

@article{duinhoven_deelwoorden_nodate,
	title = {De deelwoorden vroeger en nu},
	volume = {6},
	journal = {Voortgang: Jaarboek voor de Neerlandistiek},
	author = {Duinhoven, Antonius M},
	pages = {97--138}
}

@book{galderisi_lancien_2015,
	address = {Turnhout},
	title = {De l’ancien français au français moderne: {Theories}, pratiques et impasses de la traduction intralinguale},
	publisher = {Brepols},
	editor = {Galderisi, Claudio and Vincensini, Jean-Jacques},
	year = {2015}
}

@incollection{hoekstra_correspondentie_2007,
	title = {Correspondentie totaal - patronen en trends in de briefwisseling van {Willem} van {Oranje}},
	booktitle = {Uit diverse bronnen gelicht. {Rijswijk}: {Quantes}},
	author = {Hoekstra, Rik},
	editor = {Dijkhof, Eef and van Gent, Michel},
	year = {2007},
	pages = {117--31}
}

@incollection{jakobson_linguistic_1959,
	address = {Cambridge},
	title = {On {Linguistic} {Aspects} of {Translation}},
	booktitle = {On {Translation}},
	publisher = {Harvard University Press},
	author = {Jakobson, Roman},
	editor = {Brower, Reuben A},
	year = {1959},
	pages = {232--39}
}
@misc{van_oostendorp_handen_2013,
	title = {Handen af van {Louis} {Couperus}!},
	url = {https://www.neerlandistiek.nl/2013/05/handen-af-van-louis-couperus/},
	language = {nl-NL},
	urldate = {2019--11--01},
	journal = {Neerlandistiek},
	author = {van Oostendorp, Marc},
	month = may,
	year = {2013},
	note = {Library Catalog: www.neerlandistiek.nl}
}

@article{jansen_hom_2007,
	title = {Hom of kuit {Moeten} de {Nederlandse} klassiekers hertaald worden?},
	volume = {76},
	url = {https://www.dbnl.org/tekst/_taa014200701_01/_taa014200701_01_0108.php},
	language = {nl},
	urldate = {2020--07--27},
	journal = {Onze Taal},
	author = {Jansen, Frank},
	year = {2007},
	note = {Library Catalog: www.dbnl.org
Publisher: DBNL},
	pages = {175}
}

@article{kuipers_pinkeltje_1996,
	title = {‘{Die} {Pinkeltje} is zo'n betweter af en toe...’ {Suzanne} {Braam} over het hertalen van kinderboeken},
	volume = {14},
	url = {https://www.dbnl.org/tekst/_voo013199601_01/_voo013199601_01_0027.php},
	language = {nl},
	number = {2},
	urldate = {2020--07--27},
	journal = {Vooys},
	author = {Kuipers, Maarten and Smeets, Karin},
	year = {1996},
	note = {Library Catalog: www.dbnl.org
Publisher: DBNL},
	pages = {38--42}
}

@book{baker_routledge_2009,
	address = {London},
	title = {Routledge {Encyclopedia} of {Translation} {Studies}},
	publisher = {Routledge},
	author = {Baker, Mona and Saldanha, Gabriela},
	year = {2009}
}

@article{benjamin_reconstructing_2012,
	title = {Reconstructing {Readability}: {Recent} {Developments} and {Recommendations} in the {Analysis} of {Text} {Difficulty}’},
	volume = {24},
	number = {1},
	journal = {Educational Psychology Review},
	author = {Benjamin, Rebekah G},
	year = {2012},
	pages = {63--88}
}

@incollection{berk_albachten_intralingual_571,
	address = {West Sussex},
	title = {Intralingual {Translation}: {Discussions} within {Translation} {Studies} and the {Case} of {Turkey}},
	booktitle = {A {Companion} to {Translation} {Studies}},
	publisher = {Wiley \& Sons},
	author = {Berk Albachten, Özlem},
	editor = {Berman, Sandra and Porter, Catherine},
	year = {571}
}

@book{catford_linguistic_1965,
	address = {Oxford},
	title = {A {Linguistic} {Theory} of {Translation}},
	publisher = {Oxford University Press},
	author = {Catford, John},
	year = {1965}
}

@article{domingo_historical_2017,
	title = {Historical documents modernization},
	volume = {108},
	number = {1},
	journal = {The Prague Bulletin of Mathematical Linguistics},
	author = {Domingo, Miguel and Chinea-Rios, Mara and Casacuberta, Francisco},
	year = {2017},
	pages = {295--306}
}

@article{duinhoven_deelwoorden_nodate,
	title = {De deelwoorden vroeger en nu},
	volume = {6},
	journal = {Voortgang: Jaarboek voor de Neerlandistiek},
	author = {Duinhoven, Antonius M},
	pages = {97--138}
}

@book{galderisi_lancien_2015,
	address = {Turnhout},
	title = {De l’ancien français au français moderne: {Theories}, pratiques et impasses de la traduction intralinguale},
	publisher = {Brepols},
	editor = {Galderisi, Claudio and Vincensini, Jean-Jacques},
	year = {2015}
}

@incollection{hoekstra_correspondentie_2007,
	title = {Correspondentie totaal - patronen en trends in de briefwisseling van {Willem} van {Oranje}},
	booktitle = {Uit diverse bronnen gelicht. {Rijswijk}: {Quantes}},
	author = {Hoekstra, Rik},
	editor = {Dijkhof, Eef and van Gent, Michel},
	year = {2007},
	pages = {117--31}
}

@incollection{jakobson_linguistic_1959,
	address = {Cambridge},
	title = {On {Linguistic} {Aspects} of {Translation}},
	booktitle = {On {Translation}},
	publisher = {Harvard University Press},
	author = {Jakobson, Roman},
	editor = {Brower, Reuben A},
	year = {1959},
	pages = {232--39}
}

@article{mathijsen_een_2003,
	title = {Een knieval voor de luie lezer? {Hertaling} als enig redmiddel voor historische literatuur},
	volume = {8},
	journal = {Nederlandse Letterkunde},
	author = {Mathijsen, marita},
	year = {2003},
	pages = {113--29}
}

@book{schreiber_ubersetzung_1993,
	address = {Tübingen},
	title = {Übersetzung und {Bearbeitung}: {Zur} {Differenzierung} und {Abgrenzung} des Übersetzungsbegriff},
	publisher = {Gunter Narr Verlag},
	author = {Schreiber, M.},
	year = {1993}
}

@article{shardlow_survey_2014,
	title = {A {Survey} of {Automatic} {Text} {Simplification}},
	volume = {Special Issue on Natural Language Processing},
	journal = {International Journal of Advanced Computer Science and Applications,},
	author = {Shardlow, Matthew},
	year = {2014},
	pages = {58--70}
}

@article{van_strien_enig_2004,
	title = {Enig redmiddel?},
	volume = {120},
	journal = {Tijdschrift voor Nederlandse Taal- en Letterkunde},
	author = {van Strien, Ton and Koppenol, Johan},
	year = {2004},
	pages = {247--57}
}

@book{taylor_translation_1996,
	address = {Exeter},
	title = {Translation: {Here} and {There} {Now} and {Then}},
	publisher = {Elm Bank Publications},
	author = {Taylor, Jane H. M. and McMorran, E. and Leclerq, G.},
	year = {1996}
}

@article{tjong_kim_sang_clin27_2017,
	title = {The {CLIN27} shared task: {Translating} historical text to contemporary language for improving automatic linguistic annotation},
	volume = {7},
	shorttitle = {The {CLIN27} shared task},
	journal = {Computational Linguistics in the Netherlands Journal},
	author = {Tjong Kim Sang, Erik and Bollman, Marcel and Boschker, Remko and Casacuberta, Francisco and Dietz, F. M. and Dipper, Stefanie and Domingo, Miguel and van der Goot, Rob and van Koppen, J. M. and Ljubešić, Nikola},
	year = {2017},
	pages = {53--64}
}

@book{van_den_toorn_geschiedenis_1997,
	address = {Amsterdam},
	title = {Geschiedenis van de {Nederlandse} taal},
	publisher = {Amsterdam University Press},
	editor = {van den Toorn, M. C. and Van Leuvensteijn, J. Arian and Pijnenburg, W. J. J.},
	year = {1997}
}

@article{zethsen_intralingual_2009,
	title = {Intralingual {Translation}: {An} {Attempt} at {Description}},
	volume = {54},
	number = {4},
	journal = {Meta},
	author = {Zethsen, Karen K.},
	year = {2009},
	pages = {795--812}
}

@book{hill-madsen_derivation_2014,
	address = {Aarhus},
	title = {Derivation and transformation: {Strategies} in lay-oriented intralingual translation},
	shorttitle = {Derivation and transformation},
	publisher = {Department of Business Communication, Aarhus University},
	author = {Hill-Madsen, Aage},
	year = {2014}
}
