
@book{borejsza_totalitarian_2006,
	address = {Oxford and New York (NY)},
	title = {Totalitarian and authoritarian regimes in {Europe}},
	publisher = {Berghahn Books},
	author = {Borejsza, Jerzy W. and Ziemer, Klaus},
	year = {2006}
}

@incollection{goll_ma_1996,
	address = {Toruń},
	title = {Ma pan u mnie piwko! {Dywagacje} składacza},
	booktitle = {Wiadomości i okolice. {Szkice} i wspomnienia},
	publisher = {Wydawnictwo UMK},
	author = {Goll, Edmund},
	editor = {Supruniuk, Mirosław A.},
	year = {1996},
	volume = {2}
}

@article{greenberg_when_2010,
	title = {When the {Editor} {Disappears}, {Does} {Editing} {Disappear}?},
	volume = {16},
	journal = {Convergence},
	author = {Greenberg, Susan L.},
	year = {2010},
	pages = {7--21}
}

@book{greenberg_poetics_2018,
	address = {Cham},
	title = {A {Poetics} of {Editing}},
	publisher = {Springer},
	author = {Greenberg, Susan L.},
	year = {2018}
}

@book{habielski_dokad_2006,
	address = {Warsaw},
	title = {Dokąd nam iść wypada? {Jerzy} {Giedroyć} od "{Buntu} {Młodych}" do "{Kultury}"},
	publisher = {Więź},
	author = {Habielski, Rafał},
	year = {2006}
}

@book{janta_lustra_1982,
	address = {Warsaw},
	title = {Lustra i reflektory},
	publisher = {Czytelnik},
	author = {Janta, Aleksander},
	year = {1982}
}

@book{kielanowski_kulisy_1967,
	address = {Paris},
	title = {Kulisy twórczości. {Listy} 14 pisarzy emigracyjnych do {Juliusza} {Sakowskiego} 1945--1977},
	publisher = {Księgarnia Polska},
	author = {Kielanowski, pref., Leopold},
	year = {1967}
}

@incollection{lewandowski_gleboki_1995,
	address = {Toruń},
	title = {Głęboki szacunek i {Grydzewskie} poprawki. {Józef} {Mackiewicz} i {Redaktor} {Wiadomości}},
	booktitle = {Wiadomości i okolice. {Szkice} i wspomnienia},
	publisher = {Wydawnictwo UMK},
	author = {Lewandowski, Wacław},
	editor = {Supruniuk, Mirosław A.},
	year = {1995},
	volume = {1}
}

@book{mackiewicz_listy_2010,
	address = {London},
	title = {Listy do redaktorów "{Wiadomości}"},
	publisher = {Kontra},
	author = {Mackiewicz, Józef and Topolska, Barbara},
	year = {2010}
}

@incollection{madyda_krytyka_1995,
	address = {Toruń},
	title = {Krytyka o twórczości {Zygmunta} {Haupta}},
	booktitle = {Wiadomości i okolice. {Szkice} i wspomnienia},
	publisher = {Wydawnictwo UMK},
	author = {Madyda, Aleksander},
	editor = {Supruniuk, Mirosław A.},
	year = {1995},
	volume = {1}
}

@book{madyda_od_2015,
	address = {Toruń},
	title = {Od filologii do antropologii. {Szkice}},
	publisher = {UMK},
	author = {Madyda, Aleksander},
	year = {2015}
}

@article{tyrchan_marek_2007,
	title = {Marek {Hłasko} i {Kultura}},
	volume = {168},
	journal = {Zeszyty Historyczne},
	author = {Tyrchan, Mikołaj},
	year = {2007},
	pages = {191--99}
}

@book{tyrmand_listy_2014,
	address = {Toruń},
	title = {Listy do redaktorów "{Wiadomości}"},
	publisher = {Wydawnictwo UMK},
	author = {Tyrmand, Leopold},
	year = {2014}
}

@book{zielinski_j_1996,
	address = {Warsaw},
	title = {J. {Giedroyc}, {A}. {Bobkowski}, {Letters} 1946--1961},
	publisher = {Czytelnik},
	editor = {Zieliński, Jan},
	year = {1996}
}

@article{hlasko_drugie_1965,
	title = {Drugie zabicie psa},
	volume = {1--2},
	journal = {Kultura},
	author = {Hłasko, Marek},
	year = {1965},
	pages = {68--155}
}

@article{hlasko_w_1962,
	title = {W dzień śmierci jego},
	volume = {5},
	journal = {Kultura},
	author = {Hłasko, Marek},
	year = {1962},
	pages = {61--98}
}

@article{hlasko_wszyscy_1965,
	title = {Wszyscy byli odwróceni},
	volume = {1--2},
	journal = {Kultura},
	author = {Hłasko, Marek},
	year = {1965},
	pages = {41--64}
}

@unpublished{tyrmand_kor_1966,
	address = {Maisons-Laffitte},
	title = {{KOR} {RED} {Tyrmand} {L}., v. 1--2},
	author = {Tyrmand, Leopold and Giedroyc, Jerzy Władysław},
	year = {1966--82}
}

@unpublished{hlasko_kor_1962,
	address = {Maisons-Laffitte},
	title = {{KOR} {RED} {Hłasko} {Marek}, v. 1--2},
	author = {Hłasko, Marek and Giedroyc, Jerzy Władysław},
	year = {1962--75}
}
