@book{hamburger_stiftung_zur_forderung_von_wissenschaft_und_kultur_walter_2016,
	title = {Walter {Benjamin} {Digital}},
	url = {https://www.walter-benjamin.online/},
	urldate = {2021--06--24},
	author = {{Hamburger Stiftung zur FÃ¶rderung von Wissenschaft und Kultur}},
	year = {2016--}
}
