

@book{abbott_beckett_1996,
	address = {Ithaca (NY), London},
	title = {Beckett {Writing} {Beckett}: {The} {Author} in the {Autograph}.},
	publisher = {Cornell University Press},
	author = {Abbott, H. Porter},
	year = {1996}
}

@article{bailey_review_2013,
	title = {Dirk {Van} {Hulle}, \emph{{The} {Making} of {Samuel} {Beckett}'s {Stirrings} {Still} / {Soubresauts} and {Comment} dire / {What} is the {Word}} and {Samuel} {Beckett}. \emph{{Stirrings} {Still} / {Soubresauts} and {Comment} dire / {What} is the {Word}}. {Eds}. {Dirk} {Van} {Hulle} and {Vincent} {Neyt}},
	volume = {10},
	journal = {Variants: The Journal of the European Society for Textual Scholarship},
	author = {Bailey, Ian},
	pages = {304--08},
	year = {2013}
}

@book{beckett_stirrings_2011,
	address = {Brussels},
	title = {\emph{Stirrings {Still} / {Soubresauts}} and \emph{{Comment} dire / what is the word}: {A} {Digital} {Genetic} {Edition}},
	url = {http://www.beckettarchive.org/},
	urldate = {2021--04--06},
	publisher = {University Press Antwerp (ASP/UPA)},
	author = {Beckett, Samuel},
	editor = {Van Hulle, Dirk and Neyt, Vincent},
	year = {2011}
}

@book{van_hulle_molloy_2017,
	address = {Brussels},
	title = {\emph{Molloy}: a {Digital} {Genetic} {Edition}},
	url = {http://anet.be/record/opacirua/c:irua:145012/N},
	urldate = {2021-04-06},
	publisher = {niversity Press Antwerp (ASP/UPA)},
	author = {Beckett, Samuel},
	editor = {Van Hulle, Dirk and Neyt, Vincent and Verhulst, Pim},
	year = {2017},
}

@book{van_hulle_malone_2017,
	address = {Brussels},
	title = {\emph{Malone meurt / {Malone} Dies}: a {Digital} {Genetic} {Edition}},
	url = {http://anet.be/record/opacirua/c:irua:145012/N},
	urldate = {2021-04-06},
	publisher = {University Press Antwerp (ASP/UPA)},
	author = {Beckett, Samuel},
	editor = {Van Hulle, Dirk and Neyt, Vincent and Verhulst, Pim},
	year = {2017},
}

@book{beckett_disjecta_1983,
	address = {London},
	title = {Disjecta: {Miscellaneous} {Writings} and a {Dramatic} {Fragment}},
	urldate = {2021-04-06},
	publisher = {John Calder},
	author = {Beckett, Samuel},
	editor = {Cohn, Ruby},
	year = {1983},
}

@book{beckett_letters_2012,
	address = {Cambridge},
	title = {The {Letters} of {Samuel} {Beckett} (1941-1956)},
	volume = {2},
	publisher = {Cambridge University Press},
	author = {Beckett, Samuel},
	editor = {Craig, George and Fehsenfeld, Martha Dow and Gunn, Dan and Overbeck, Lois More},
	year = {2012}
}

@book{ferrer_logiques_2011,
	address = {Paris},
	title = {Logiques du brouillon. Modèles pour une critique génétique},
	language = {French},
	publisher = {Seuil},
	author = {Ferrer, Daniel},
	year = {2011}
}

@book{goodman_languages_1968,
	address = {Indianapolis (IN)},
	title = {Languages of {Art}: {An} {Approach} to a {Theory} of {Symbols}},
	publisher = {The Bobbs-Merrill Company},
	author = {Goodman, Nelson},
	year = {1968}
}

@book{gresillon_elements_1994,
	address = {Paris},
	title = {Eléments de critique génétique. Lire les manuscrits modernes},
	publisher = {Presses universitaires de France},
	author = {Grésillon, Almuth},
	year = {1994},
}

@article{hay_troisieme_1986,
	title = {La troisième dimension de la littérature},
	volume = {5--6},
	journal = {Texte},
	author = {Hay, Louis},
	year = {1986--87},
	pages = {313--28}
}

@book{kline_guide_1998,
	address = {Baltimore (MD)},
	title = {A {Guide} to {Documentary} {Editing}},
	edition = {Second},
	publisher = {Johns Hopkins University Press},
	author = {Kline, Mary-Jo},
	year = {1998},
}

@book{knowlson_damned_1996,
	address = {London},
	title = {Damned to {Fame}: {The} {Life} of {Samuel} {Beckett}},
	publisher = {Bloomsbury},
	author = {Knowlson, James},
	year = {1996}
}

@article{mcmullan_review_2019,
	title = {Dirk {Van} {Hulle}, \emph{{The} {Making} of {Samuel} {Beckett}’s {Krapp}’s {Last} {Tape} / {La} {Dernière} {Bande}}},
	volume = {14},
	journal = {Variants: The Journal of the European Society for Textual Scholarship},
	author = {McMullan, Anna},
	year = {2019},
	pages = {197--99}
}

@book{oreilly_making_2017,
	address = {Brussels and London},
	title = {The {Making} of {Samuel} {Beckett}'s \emph{{Molloy}}},
	publisher = {University Press Antwerp (ASP/UPA) and Bloomsbury},
	author = {O'Reilly, Édouard Magessa and Van Hulle, Dirk and Verhulst, Pim},
	year = {2017},
}

@book{van_hulle_making_2011,
	address = {Brussels},
	title = {The {Making} of {Samuel} {Beckett}'s \emph{{Stirrings} {Still} / {Soubresauts}} and \emph{{Comment} dire / what is the word}},
	language = {English},
	publisher = {University Press Antwerp (ASP/UPA)},
	author = {Van Hulle, Dirk},
	year = {2011}
}

@incollection{van_hulle_series_2011,
	address = {Brussels},
	title = {Series {Preface}},
	language = {English},
	booktitle = {The {Making} of {Samuel} {Beckett}'s \emph{{Stirrings} {Still} / {Soubresauts}} and \emph{{Comment} dire / what is the word}},
	publisher = {University Press Antwerp (ASP/UPA)},
	author = {Van Hulle, Dirk and Nixon, Mark},
	year = {2011},
	pages = {7--8}
}

@book{van_hulle_making_2017,
	address = {Brussels and London},
	title = {The {Making} of {Samuel} {Beckett}'s \emph{{Malone} meurt / {Malone} {Dies}}},
	publisher = {University Press Antwerp (ASP/UPA) and Bloomsbury},
	author = {Van Hulle, Dirk and Verhulst, Pim},
	year = {2017},
}

@book{van_hulle_making_2014,
	address = {Brussels and London},
	title = {The {Making} of {Samuel} {Beckett}'s \emph{{L}'innommable / {The} {Unnamable}}},
	publisher = {University Press Antwerp (ASP/UPA) and Bloomsbury},
	author = {Van Hulle, Dirk and Weller, Shane},
	year = {2014},
}

@incollection{zeller_record_1995,
	address = {Ann Arbor (MI)},
	title = {Record and {Interpretation:} {Analysis} and {Documentation} as {Goal} and {Method} of {Editing}},
	booktitle = {Contemporary {German} {Editorial} {Theory}},
	publisher = {University of Michigan Press},
	author = {Zeller, Hans},
	editor = {Gabler, Hans Walter and Bornstein, George and Pierce, Gillian Borland},
	year = {1995},
	pages = {17--58}
}

@book{cohn_beckett_2001,
	address = {Ann Arbor (MI)},
	title = {A {Beckett} {Canon}},
	publisher = {University of Michigan Press},
	author = {Cohn, Ruby},
	year = {2001}
}

@book{beckett_letters_2009,
	address = {Cambridge},
	title = {The {Letters} of {Samuel} {Beckett}},
	publisher = {Cambridge University Press},
	author = {Beckett, Samuel},
	editor = {Craig, George and Fehsenfeld, Martha Dow and Gunn, Dan and Overbeck, Lois More},
	year = {2009--16}, 
	volumes = {4}
}