
@article{shillingsburg_text_1991,
	title = {Text as {Matter}, {Concept}, and {Action}},
	volume = {44},
	journal = {Studies in Bibliography},
	author = {Shillingsburg, Peter L.},
	year = {1991},
	pages = {31--82}
}

@book{shillingsburg_textuality_2017,
	address = {University Park (PA)},
	title = {Textuality and {Knowledge}: {Essays}.},
	publisher = {The Pennsylvania State University Press},
	author = {Shillingsburg, Peter L},
	year = {2017}
}

@incollection{brazdzionis_redaktoriaus_1952,
	address = {Roma},
	edition = {17},
	title = {Redaktoriaus žodis},
	booktitle = {Pavasario balsai: {Lyrika}},
	publisher = {Mons. Pr. Juras},
	author = {Brazdžionis, Bernardas},
	editor = {Brazdžionis, Bernardas},
	collaborator = {Maironis},
	year = {1952},
	pages = {279--95}
}

@article{bushell_intention_2005,
	title = {Intention {Revisited}: {Towards} an {Anglo}-{American} ‘{Genetic} {Criticism}’},
	volume = {17},
	journal = {Text},
	author = {Bushell, Sally},
	year = {2005},
	pages = {55--91}
}

@incollection{daujotyte_intention_1990,
	address = {Vilnius},
	series = {Literatūra ir kalba},
	title = {Maironio poetinės programos visuotinumas},
	volume = {21},
	booktitle = {Maironis},
	publisher = {Vaga},
	author = {Daujotytė, Viktorija},
	year = {1990},
	pages = {55--68}
}

@book{girdzijauskas_lietuviu_1966,
	address = {Vilnius},
	title = {Lietuvių eilėdara: {Silabinės}-toninės sistemos susiformavimas.},
	publisher = {Vaga},
	author = {Girdzijauskas, Juozas},
	year = {1966}
}

@book{jablonskis_lietuviskos_1901,
	address = {Tilžė},
	title = {Lietuviškos kalbos gramatika. {Rašytojams} ir skaitytojams vadovėlis. Parašė Petras Kriaušaitis},
	author = {Jablonskis, Jonas},
	year = {1901},
	note = {[print by O. Mauderodė]}
}

@article{jankeviciute_maironis_2019,
	title = {Maironis ir jo \emph{{Pavasario} balsai} lietuviškosios pavasario vaizdinijos kontekste},
	volume = {42},
	journal = {LKMA Metraštis},
	author = {Jankevičiūtė, Giedrė},
	year = {2019},
	pages = {127--53}
}

@book{kalnacs_300_2009,
	address = {Vilnius},
	title = {300 {Baltic} {Writers}: {Estonia}, {Latvia}, {Lithuania}: a reference guide to authors and their works},
	publisher = {Lietuvių literatūros ir tautosakos institutas},
	editor = {Kalnačs, Benedikts},
	year = {2009}
}

@incollection{kessler_maironis_2014,
	address = {Vilnius},
	title = {Maironis’ \emph{{Pavasario} balsai} (1895) and the {Question} of {Its} {Romanticism}},
	booktitle = {Eina garsas: {Nauji} {Maironio} skaitymai},
	publisher = {Lietuvių literatūros ir tautosakos institutas},
	author = {Kessler, Stephan},
	editor = {Žvirgždas, Manfredas},
	year = {2014},
	pages = {66--75}
}

@incollection{kucinskiene_ankstyvasis_2014,
	address = {Vilnius},
	title = {Ankstyvasis {Maironis} literatūros lauke: įsišventinimas, kanonizavimas, pozicijų užėmimas},
	booktitle = {Eina garsas: {Nauji} {Maironio} skaitymai},
	publisher = {Lietuvių literatūros ir tautosakos institutas},
	author = {Kučinskienė, Aistė},
	editor = {Žvirgždas, Manfredas},
	year = {2014},
	pages = {250--65}
}

@article{maironis_lietuvos_1885,
	title = {Lietuvos vargas},
	volume = {7--8},
	journal = {Auszra},
	author = {Maironis},
	year = {1885},
	pages = {194--95}
}

@article{maironis_lietuva_1888,
	title = {Lietuva},
	volume = {7--8},
	journal = {Auszra},
	author = {Maironis},
	year = {1888},
	note = {[Holograph, dedicated to bp. Antanas Baranauskas] Vilnius University Library, Manuscript Department, F1–D68},
	pages = {194--95}
}

@article{maironis_daina_1891,
	title = {Daina apie senove},
	volume = {5},
	journal = {Žemaiczių ir Lietuvos Apžvałga},
	author = {Maironis},
	year = {1891},
	pages = {35}
}

@book{maironis_apsakymai_1891,
	address = {Tilžė},
	title = {Apsakymai apie {Lietuvos} praeiga},
	publisher = {Kasztu Lietuvos mylėtojų},
	author = {Maironis},
	collaborator = {Zanavykas, Stanyslovas},
	year = {1891},
	note = {[print by O. Mauderodė]}
}

@article{maironis_jo_1892,
	title = {Jo pirmoji meilė},
	volume = {3},
	journal = {Žemaiczių ir Lietuvos Apžvałga},
	author = {Maironis},
	year = {1892},
	pages = {18--19}
}

@book{maironis_terp_1895,
	address = {Tilźėje},
	title = {Terp skausmu į {Garbę}: {Poēma} isz dabartiniu laiku},
	publisher = {Spausta kasztu E. Jagamasto},
	author = {Maironis},
	collaborator = {Garnys, St.},
	year = {1895},
	note = {[print by O. Mauderodė]}
}

@book{maironis_pavasario_1895,
	address = {Tilźėje},
	title = {Pavasario {Balsai}},
	publisher = {Kasztu autoriaus},
	author = {Maironis},
	collaborator = {Maironis},
	year = {1895},
	note = {[print by O. Mauderodė]}
}

@book{maironis_pavasario_1905,
	address = {Peterburgas},
	edition = {3},
	title = {Pavasario {Balsai}. ir {Kur} išganymas},
	publisher = {Išleista Lietuvių Laikraščio kaštais},
	author = {Maironis},
	collaborator = {Maironis},
	year = {1905},
	note = {[print by Golike and Vilborg]}
}

@book{maironis_pavasario_1913,
	edition = {4},
	title = {Pavasario {Balsai} ir {Kame} išganymas},
	publisher = {Kaunas},
	author = {Maironis},
	collaborator = {Maironis},
	year = {1913},
	note = {[print by S. Banaitis]}
}

@book{maironis_pavasario_1918,
	edition = {4},
	title = {Pavasario {Balsai} ir {Kame} išganymas},
	publisher = {Kaunas},
	author = {Maironis},
	year = {1918},
	note = {1913. [print by S. Banaitis] [authorial copy with revisions – publisher’s copy for typesetting of 1920 ed.] Maironis Lithuanian Literature Museum, No. 102103}
}

@book{maironis_pavasario_1920,
	address = {Tilžė},
	title = {Pavasario {Balsai}},
	publisher = {Jagomasto sp. Lituania},
	author = {Maironis},
	year = {1920}
}

@book{maironis_punes_1925,
	title = {Punės kalnas},
	author = {Maironis},
	year = {1925},
	note = {[Holograph, rough copy] Maironis Lithuanian Literature Museum, No. 20040, ff. 1v, 2r, 2v, 3v, 4v}
}

@book{maironis_pavasario_1926,
	address = {Tilžė},
	title = {Pavasario {Balsai}},
	publisher = {Jagomasto sp. Lituania},
	author = {Maironis},
	year = {1926},
	note = {1920. [Authorial copy with revisions made due preparation of \emph{Maironio raštai}, 1, 1927 ed.] Maironis Lithuanian Literature Museum, No. 4795}
}

@book{maironis_maironio_1927,
	address = {Kaunas},
	title = {Maironio raštai, 1: {Lyrika}},
	volume = {6},
	publisher = {Raidės spaustuvė},
	author = {Maironis},
	year = {1927}
}

@book{maironis_pavasario_1942,
	address = {Kaunas},
	title = {Pavasario balsai},
	publisher = {Valstybinė leidykla},
	author = {Maironis},
	editor = {Ambrazevičius, Juozas},
	year = {1942}
}

@book{maironis_pavasario_1947,
	address = {Kaunas},
	title = {Pavasario balsai},
	publisher = {Valstybinė grožinės literatūros leidykla},
	author = {Maironis},
	editor = {Starevičiūtė, Liucina},
	year = {1947}
}

@book{maironis_pavasario_1952,
	address = {Roma},
	edition = {17},
	title = {Pavasario balsai: {Lyrika}},
	publisher = {Mons. Pr. Juras},
	author = {Maironis},
	editor = {Brazdžionis, Bernardas},
	year = {1952}
}

@book{maironis_pavasario_1976,
	address = {Vilnius},
	title = {Pavasario balsai},
	publisher = {Vaga},
	author = {Maironis},
	year = {1976}
}

@book{maironis_pavasario_1982,
	address = {Vilnius},
	title = {Pavasario balsai},
	publisher = {Vaga},
	author = {Maironis},
	year = {1982}
}

@book{maironis_pavasario_1986,
	address = {Vilnius},
	title = {Pavasario balsai},
	publisher = {Vaga},
	author = {Maironis},
	editor = {Umbrasaitė, Rimantė},
	year = {1986}
}

@book{maironis_rastai_1987,
	address = {Vilnius},
	title = {Raštai, 1: {Lyrika}},
	publisher = {Vaga},
	author = {Maironis},
	editor = {Slavinskaitė, Irena},
	year = {1987}
}

@book{maironis_rastai_1988,
	address = {Vilnius},
	title = {Raštai, 2: {Poemos}},
	publisher = {Vaga},
	author = {Maironis},
	editor = {Slavinskaitė, Irena},
	year = {1988}
}

@book{maironis_pavasario_1995,
	address = {Vilnius},
	edition = {27},
	title = {Pavasario balsai},
	publisher = {Baltos lankos},
	author = {Maironis},
	editor = {Slavinskaitė, Irena},
	year = {1995}
}

@book{maironis_pavasario_2020,
	address = {Kaunas},
	title = {Pavasario balsai},
	publisher = {Maironio lietuvių literatūros muziejus},
	author = {Maironis},
	editor = {Cibulskienė, Deimantė},
	year = {2020}
}


@book{naujokaitis_lietuviu_1948,
	address = {Tübingenas},
	title = {Lietuvių literatūra: {Trumpas} lietuvių literatūros kursas gimnazijai},
	publisher = {Patria},
	author = {Naujokaitis, Pranas},
	year = {1948}
}

@article{nyka-niliunas_maironio_1962,
	title = {Maironio likimo paraštėje},
	volume = {7},
	journal = {Aidai},
	author = {Nyka-Niliūnas, Alfonsas},
	year = {1962},
	pages = {283--86}
}

@incollection{pokorska-iwaniuk_pavasario_2014,
	address = {Vilnius},
	title = {\emph{Pavasario balsai} {Maironisa} jako cykl poetycki},
	booktitle = {Eina garsas: {Nauji} {Maironio} skaitymai},
	publisher = {Lietuvių literatūros ir tautosakos institutas},
	author = {Pokorska-Iwaniuk, Monika},
	editor = {Žvirgždas, Manfredas},
	year = {2014},
	pages = {114--31}
}

@book{reynolds_scribes_1991,
	address = {Oxford},
	edition = {3},
	title = {Scribes \& {Scholars}: {A} {Guide} to the {Transmission} of {Greek} \& {Latin} {Literature}},
	publisher = {Clarendon Press},
	author = {Reynolds, L.D. and Wilson, N.G.},
	year = {1991}
}

@article{sauka_gedicht_1998,
	title = {Ein {Gedicht} von {Maironis} im {Vergleich} zum {Werk} {Goethes}},
	volume = {6},
	journal = {Annaberger Annalen},
	author = {Sauka, Donatas},
	year = {1998},
	pages = {79--88}
}

@incollection{slavinskaite_maironis_1987,
	address = {Vilnius},
	title = {Maironis (1862–1932)},
	booktitle = {Raštai, 1: {Lyrika}},
	publisher = {Vaga},
	author = {Slavinskaitė, Irena},
	editor = {Slavinskaitė, Irena},
	collaborator = {Maironis},
	year = {1987},
	pages = {8--48}
}

@book{speicyte_anapus_2012,
	address = {Vilnius},
	title = {Anapus ribos: {Maironis} ir istorinė {Lietuva}},
	publisher = {Lietuvių literatūros ir tautosakos institutas},
	author = {Speičytė, Brigita},
	year = {2012}
}

@incollection{speicyte_maironio_2019,
	address = {Vilnius},
	title = {Maironio {Pavasario} balsai: lyrikos rinkinys},
	booktitle = {Maironio balsai: {Kūryba}, veikla, atmintis},
	publisher = {Lietuvių literatūros ir tautosakos institutas},
	author = {Speičytė, Brigita},
	editor = {Žvirgždas, Manfredas},
	year = {2019},
	pages = {29--141}
}

@article{sruoga_knygoms_1920,
	title = {Knygoms apginti ({Del} {Maironies} {Mačiulio} ‘{Pavasario} balsų’ penktojo leidimo)},
	volume = {1},
	journal = {Skaitymai},
	author = {Sruoga, Balys},
	year = {1920},
	pages = {118--21}
}

@article{stroebel_assembly_2018,
	title = {Some {Assembly} {Required}: {Suspending} and {Extending} the {Book} with {Cavafy}’s {Collections}},
	volume = {21},
	journal = {Book History},
	author = {Stroebel, William},
	year = {2018},
	pages = {278--316}
}

@article{seina_maironio_2016,
	title = {Maironio kanonizacijos dinamika {XX} a. {I} pusės lietuvių literatūros kritikoje},
	volume = {37},
	journal = {Colloquia},
	author = {{\v S}eina, Viktorija},
	year = {2016},
	pages = {49--71}
}

@article{smulkstys-paparonis_maironio_1920,
	title = {Del {Maironio} poemos ‘{Mūsų} vargai’},
	volume = {169},
	journal = {Laisvė},
	author = {{\v S}mulkštys-Paparonis, Antanas},
	year = {1920},
	pages = {4}
}

@article{venckiene_jono_2012,
	title = {Jono {Mačiulio}-{Maironio} raštų rašyba ir kalba: {Jauniaus} sekėjo dinamika},
	volume = {14},
	journal = {Archivum Lithuanicum},
	author = {Venckienė, Jurgita},
	year = {2012},
	pages = {9--42}
}

@article{venckiene_maironio_2018,
	title = {Maironio {Pavasario} balsai (1895–1927): kaip kito eilėraščių kalba},
	volume = {20},
	journal = {Archivum Lithuanicum},
	author = {Venckienė, Jurgita},
	year = {2018},
	pages = {209--34}
}

@book{zaborskaite_maironis_1987,
	address = {Vilnius},
	edition = {2},
	title = {Maironis},
	publisher = {Vaga},
	author = {Zaborskaitė, Vanda},
	year = {1987}
}

@incollection{zvirgzdas_po_2012,
	address = {Vilnius},
	edition = {28, with CD},
	title = {Po {Maironio} ženklu},
	booktitle = {Pavasario balsai: {Lyrika}},
	publisher = {Lietuvių literatūros ir tautosakos institutas},
	author = {{\v Z}virgždas, Manfredas},
	editor = {{\v Z}virgždas, Manfredas},
	collaborator = {Maironis},
	year = {2012},
	pages = {7--56}
}

@book{maironis_pavasario_2012,
	address = {Vilnius},
	edition = {28, with CD},
	title = {Pavasario balsai: {Lyrika}},
	publisher = {Lietuvių literatūros ir tautosakos institutas},
	author = {Maironis},
	editor = {Žvirgždas, Manfredas},
	year = {2012}
}

@article{maironis_lietuvos_1891,
	title = {Lietuvos gražybe},
	volume = {11},
	journal = {Varpas},
	author = {Maironis},
	year = {1891},
	pages = {162--63}
}

@article{maironis_maironis_1963,
	title = {Maironis},
	volume = {9},
	url = {http://www.lituanus.org/1963/63_1_03.htm},
	number = {1},
	urldate = {2021--03--07},
	journal = {Lituanus},
	author = {Maironis},
	editor = {Mickevičius, A.},
	year = {1963}
}

@article{maironis_maironis_2002,
	title = {Maironis},
	volume = {48},
	url = {http://www.lituanus.org/2002/02_3_01.htm},
	number = {3},
	urldate = {2021--03--07},
	journal = {Lituanus},
	author = {Maironis},
	editor = {Kelertas, Violeta},
	year = {2002}
}

@article{venckiene_bendrine_2006,
	title = {Bendrinė kalba: tarmės pasirinkimas ir kodifikacija katalikiškoje ir pasaulietinėje periodikoje (1889–1905)},
	volume = {8},
	journal = {Archivum Lithuanicum},
	author = {Venckienė, Jurgita},
	year = {2006},
	pages = {191--208}
}
