
@article{biasi_what_1996,
	title = {What is a {Literary} {Draft}? {Toward} a {Functional} {Typology} of {Genetic} {Documentation}},
	shorttitle = {What is a literary draft?},
	doi = {10.2307/2930337},
	number = {89},
	journal = {Yale French Studies},
	author = {Biasi, Pierre-Marc de},
	translator = {Wassenaar, Ingrid},
	year = {1996},
	pages = {26--58}
}

@incollection{dillen_editor_2018,
	address = {Norderstedt},
	series = {Schriften des {Instituts} für {Dokumentologie} und {Editorik}},
	title = {The {Editor} in the {Interface}: {Guiding} the {User} through {Texts} and {Images}},
	volume = {12},
	isbn = {978-3-7481-0925-9},
	booktitle = {Digital {Scholarly} {Editions} as {Interfaces}},
	publisher = {Books on Demand (BoD)},
	author = {Dillen, Wout},
	editor = {Bleier, Roman and Bürgermeister, Martina and Klug, Helmut W. and Neuber, Frederike and Schneider, Gerlinde},
	year = {2018},
	pages = {35--59}
}

@incollection{kirschenbaum_tracking_2013,
	address = {Cambridge},
	title = {Tracking the {Changes}: {Textual} {Scholarship} and the {Challenge} of the {Born} {Digital}},
	booktitle = {The {Cambridge} {Companion} to {Textual} {Scholarship}},
	publisher = {Cambridge University Press},
	author = {Kirschenbaum, Matthew G. and Reside, Doug},
	editor = {Fraistat, Neil and Flanders, Julia},
	year = {2013},
	pages = {257--88}
}

@book{kirschenbaum_track_2016,
	address = {Cambridge, MA},
	title = {Track {Changes}: {A} {Literary} {History} of {Word} {Processing}},
	publisher = {Harvard University Press},
	author = {Kirschenbaum, Matthew G.},
	year = {2016}
}

@article{leijten_keystroke_2013,
	title = {Keystroke {Logging} in {Writing} {Research}: {Using} {Inputlog} to {Analyze} and {Visualize} {Writing} {Processes}},
	volume = {30},
	number = {3},
	journal = {Written Communication},
	author = {Leijten, Mariëlle and Van Waes, Luuk},
	year = {2013},
	pages = {358--92}
}

@article{leijten_writing_2014,
	title = {Writing in the {Workplace}: {Constructing} {Documents} {Using} {Multiple} {Digital} {Sources}},
	volume = {5},
	number = {3},
	journal = {Journal of Writing Research},
	author = {Leijten, Mariëlle and Van Waes, Luuk and Schriver, Karen and Hayes, John R.},
	year = {2014},
	keywords = {noref},
	pages = {285--337.}
}

@incollection{lindgren_writing_2006,
	address = {Oxford},
	series = {Studies in {Writing}},
	title = {Writing and the {Analysis} of {Revision}},
	volume = {18},
	isbn = {978-0-08-044934-0},
	booktitle = {Computer {Keystroke} {Logging} and {Writing}: {Methods} and {Applications}},
	publisher = {Elsevier},
	author = {Lindgren, Eva and Sullivan, Kirk P.H.},
	editor = {Lindgren, Eva and Sullivan, Kirk P.H.},
	year = {2006},
	pages = {31--44}
}

@incollection{lindgren_analysing_2006,
	address = {Oxford},
	series = {Studies in {Writing}},
	title = {Analysing {Online} {Revision}},
	volume = {18},
	isbn = {978-0-08-044934-0},
	booktitle = {Computer {Keystroke} {Logging} and {Writing}: {Methods} and {Applications}},
	publisher = {Elsevier},
	author = {Lindgren, Eva and Sullivan, Kirk P.H.},
	editor = {Lindgren, Eva and Sullivan, Kirk P.H.},
	year = {2006},
	pages = {157--88}
}

@incollection{mathijsen_genetic_2009,
	address = {Tübingen},
	series = {Beihefte zu {Editio}},
	title = {Genetic textual editing: the end of an era},
	isbn = {978-3-484-29528-5},
	number = {Bd. 28},
	booktitle = {Was ist {Textkritik}? zur {Geschichte} und {Relevanz} eines {Zentralbegriffs} der {Editionswissenschaft}},
	publisher = {Niemeyer},
	author = {Mathijsen, Marita},
	editor = {Mitterauer, Gertraud and Bauer, Werner Maria and Hofer, Sabine},
	year = {2009},
	keywords = {Congresses, Criticism, Editing, Textual}
}

@incollection{miller_keystroke_2006,
	address = {Oxford},
	series = {Studies in {Writing}},
	title = {Keystroke {Logging}: {An} {Introduction}},
	volume = {18},
	isbn = {978-0-08-044934-0},
	booktitle = {Computer {Keystroke} {Logging} and {Writing}: {Methods} and {Applications}},
	publisher = {Elsevier},
	author = {Miller, Kristvan S and Sullivan, Kirk P.H.},
	editor = {Lindgren, Eva and Sullivan, Kirk P.H.},
	year = {2006},
	pages = {1--9}
}

@incollection{pierazzo_digital_2009,
	address = {Farnham},
	title = {Digital {Genetic} {Editions}: {The} {Encoding} of {Time} in {Manuscript} {Transcription}},
	isbn = {978-0-7546-7307-1},
	booktitle = {Text {Editing}, {Print} and the {Digital} {World}},
	publisher = {Ashgate},
	author = {Pierazzo, Elena},
	editor = {Deegan, Marilyn and Sutherland, Kathryn},
	year = {2009},
	pages = {169--86}
}

@article{ries_rationale_2018,
	title = {The rationale of the born-digital dossier génétique: digital forensics and the writing process with examples from the {Thomas} {Kling} {Archive}},
	volume = {33},
	doi = {https://doi.org/10.1093/llc/fqx049},
	number = {2},
	journal = {Digital Scholarship in the Humanities},
	author = {Ries, Thorsten},
	year = {2018},
	pages = {424--391}
}

@incollection{schauble_encodings_2018,
	address = {Norderstedt},
	series = {Schriften des {Instituts} für {Dokumentologie} und {Editorik}},
	title = {Encodings and {Visualisations} of {Text} {Processes} across {Document} {Borders}.},
	volume = {12},
	isbn = {978-3-7481-0925-9},
	booktitle = {Digital {Scholarly} {Editions} as {Interfaces}},
	publisher = {Books on Demand (BoD)},
	author = {Schäuble, Joshua and Gabler, Hans Walter},
	editor = {Bleier, Roman and Bürgermeister, Martina and Klug, Helmut W. and Neuber, Frederike and Schneider, Gerlinde},
	year = {2018},
	pages = {165--91}
}

@book{sullivan_work_2013,
	address = {Cambridge, MA},
	title = {The {Work} of {Revision}},
	publisher = {Harvard University Press},
	author = {Sullivan, Hannah},
	year = {2013}
}

@book{taylor_c_2018,
	title = {C {M} {Taylor} on ‘keystroke logging project’ with {British} {Library}},
	url = {https://blogs.bl.uk/english-and-drama/2018/11/c-m-taylor-on-keystroke-logging-project-with-british-library.html},
	urldate = {2020-07-16},
	author = {Taylor, C.M.},
	month = nov,
	year = {2018},
	note = {Publication Title: British Library English and Drama Blog}
}

@book{van_hulle_modern_2014,
	address = {London},
	title = {Modern {Manuscripts}: {The} {Extended} {Mind} and {Creative} {Undoing} from {Darwin} to {Beckett} and {Beyond}},
	publisher = {Bloomsbury},
	author = {Van Hulle, Dirk},
	year = {2014}
}

@article{van_hulle_modelling_2016,
	title = {Modelling a {Digital} {Scholarly} {Edition} for {Genetic} {Criticism}: {A} {Rapprochement}},
	volume = {12-13},
	journal = {Variants},
	author = {Van Hulle, Dirk},
	year = {2016},
	pages = {34--56}
}

@article{van_hulle_logica_2019,
	title = {De logica van de tekstversie in digitaal geschreven literatuur},
	volume = {135},
	number = {4},
	journal = {Tijdschrift voor Nederlandse taal en letterkunde/Journal of Dutch Linguistics and Literature},
	author = {Van Hulle, Dirk},
	year = {2019},
	pages = {465--77}
}

@incollection{van_waes_logging_2011,
	address = {New York},
	title = {Logging {Tools} to {Study} {Digital} {Writing} {Processes}},
	isbn = {978-1-84872-963-6},
	booktitle = {Past, {Present}, and {Future} {Contributions} of {Cognitive} {Writing} {Research} to {Cognitive} {Psychology}},
	publisher = {Psychology Press},
	author = {Van Waes, Luuk and Leijten, Mariëlle and Wengelin, Åsa and Lindgren, Eva},
	editor = {Berninger, Virginia Wise},
	year = {2011},
	pages = {507--34}
}

@article{vauthier_genetic_2016,
	title = {Genetic {Criticism} {Put} to the {Test} by {Digital} {Technology}: {Sounding} out the (mainly) {Digital} {Genetic} {File} of {El} {Dorado} by {Robert} {Juan}-{Cantavella}},
	volume = {12-13},
	journal = {Variants},
	author = {Vauthier, Bénédicte},
	year = {2016},
	pages = {163--86}
}

@incollection{andrews_what_2018,
	address = {Norderstedt},
	series = {Schriften des {Instituts} für {Dokumentologie} und {Editorik}},
	title = {What {Are} {You} {Trying} to {Say}? {The} {Interface} as an {Integral} {Element} of {Argument}.},
	volume = {12},
	isbn = {978-3-7481-0925-9},
	booktitle = {Digital {Scholarly} {Editions} as {Interfaces}},
	publisher = {Books on Demand (BoD)},
	author = {Andrews, Tara L. and Van Zundert, Joris J.},
	editor = {Bleier, Roman and Bürgermeister, Martina and Klug, Helmut W. and Neuber, Frederike and Schneider, Gerlinde},
	year = {2018},
	pages = {3--34}
}

@article{bekius_reconstruction_2020,
	title = {The reconstruction of the author’s movement through the text, or how to encode keystroke logged writing processes in {TEI}-{XML}},
	volume = {15–16},
	journal = {Variants},
	author = {Bekius, Lamyk},
	year = {2021},
	pages = {3--44}
}

@incollection{bleeker_interfacing_2018,
	address = {Norderstedt},
	series = {Schriften des {Instituts} für {Dokumentologie} und {Editorik}},
	title = {Interfacing {Literary} {Genesis}.},
	volume = {12},
	isbn = {978-3-7481-0925-9},
	booktitle = {Digital {Scholarly} {Editions} as {Interfaces}},
	publisher = {Books on Demand (BoD)},
	author = {Bleeker, Elli and Kelly, Aodhán},
	editor = {Bleier, Roman and Bürgermeister, Martina and Klug, Helmut W. and Neuber, Frederike and Schneider, Gerlinde},
	year = {2018},
	pages = {193--218}
}

@incollection{bleier_discussing_2018,
	address = {Norderstedt},
	series = {Schriften des {Instituts} für {Dokumentologie} und {Editorik}},
	title = {Discussing {Interfaces} in {Digital} {Scholarly} {Editing}},
	volume = {12},
	isbn = {978-3-7481-0925-9},
	booktitle = {Digital {Scholarly} {Editions} as {Interfaces}},
	publisher = {Books on Demand (BoD)},
	author = {Bleier, Roman and Klug, Helmut W.},
	editor = {Bleier, Roman and Bürgermeister, Martina and Klug, Helmut W. and Neuber, Frederike and Schneider, Gerlinde},
	year = {2018},
	pages = {V--XV}
}

@article{eggert_reader-oriented_2016,
	title = {The {Reader}-{Oriented} {Scholarly} {Edition}},
	volume = {31},
	number = {4},
	journal = {Digital Studies in the Humanities},
	author = {Eggert, Paul},
	year = {2016},
	pages = {797--810}
}

@book{elsschot_achter_2007,
	title = {Achter de {Schermen}: {Digital} {Edition}},
	url = {https://www.beckettarchive.org/ads/Ads.htm},
	author = {Elsschot, Willem},
	editor = {Bruijn, Peter de and Neyt, Vincent and Van Hulle, Dirk},
	year = {2007}
}

@book{gresillon_elements_2016,
	address = {Paris},
	edition = {2},
	title = {Éléments de critique génétique: {Lire} les maunscrits modernes},
	publisher = {CNRS Editions},
	author = {Grésillon, Almuth},
	year = {2016}
}

@incollection{kirschenbaum_remaking_2007,
	address = {Baltimore},
	title = {The {Remaking} of {Reading}: {Data} {Mining} and the {Digital} {Humanities}},
	url = {https://www.csee.umbc.edu/~hillol/NGDM07/abstracts/talks/MKirschenbaum.pdf},
	booktitle = {The {National} {Science} {Foundation} {Symposium} on {Next} {Generation} of {Data} {Mining} and {Cyber}-{Enabled} {Discovery} for {Innovation}},
	author = {Kirschenbaum, Matthew G.},
	year = {2007},
	pages = {n.p.}
}

@article{lebrave_computer_2011,
	title = {Computer forensics: la critique génétique et l’écriture numérique.},
	number = {33},
	journal = {Genesis},
	author = {Lebrave, Jean-Louis},
	year = {2011},
	pages = {137--47}
}

@book{lindgren_computer_2006,
	address = {Oxford},
	series = {Studies in {Writing}},
	title = {Computer {Keystroke} {Logging} and {Writing}: {Methods} and {Applications}},
	volume = {18},
	isbn = {978-0-08-044934-0},
	publisher = {Elsevier},
	editor = {Lindgren, Eva and Sullivan, Kirk P.H.},
	year = {2006}
}

@article{moretti_conjectures_2000,
	title = {Conjectures on {World} {Literature}},
	number = {1},
	journal = {New Left Review},
	author = {Moretti, Franco},
	year = {2000},
	pages = {54--68}
}

@book{moretti_distant_2013,
	address = {London \& New York},
	title = {Distant {Reading}},
	publisher = {Verso},
	author = {Moretti, Franco},
	year = {2013}
}

@incollection{zeller_record_1955,
	address = {Ann Arbor},
	title = {Record and {Interpretation}: {Analysis} and {Documentation} as {Goal} and {Method} of {Editing}},
	booktitle = {Contemporary {German} {Editorial} {Theory}},
	publisher = {The University of Michigan Press},
	author = {Zeller, Hans},
	editor = {Gabler, Hans Walter and Bornstein, George and Borland Pierce, Gillian},
	year = {1955},
	pages = {17--58}
}


@article{kestemont_kunnen_2019,
	title = {Kunnen machines (literatuur) lezen?},
	volume = {135},
	number = {4},
	journal = {Tijdschrift voor Nederlandse Taal- en Letterkunde},
	author = {Kestemont, Mike and Herman, Luc},
	year = {2019},
	pages = {316--28}
}
