
@article{biasi_what_1996,
	title = {What is a {Literary} {Draft}? {Toward} a {Functional} {Typology} of {Genetic} {Documentation}},
	shorttitle = {What is a literary draft?},
	volume = {89},
	journal = {Yale French Studies},
	author = {Biasi, Pierre-Marc de},
	translator = {Wassenaar, Ingrid},
	year = {1996},
	pages = {26--58},
}

@book{atik_how_2001,
	address = {London},
	title = {How {It} {Was}: {A} {Memoir} of {Samuel} {Beckett}},
	publisher = {Faber \& Faber},
	author = {Atik, Anne},
	year = {2001}
}

@article{banville_waiting_1989,
	title = {Waiting for the {Last} {Word}},
	journal = {The Observer},
	author = {Banville, John},
	month = dec,
	year = {1989},
	pages = {36}
}

@book{beckett_linnommable_1953,
	address = {Paris},
	title = {L’{Innommable}},
	publisher = {Les Éditions de Minuit},
	author = {Beckett, Samuel},
	year = {1953}
}

@book{beckett_letters_2014,
	address = {Cambridge},
	title = {The {Letters} of {Samuel} {Beckett} (1957--1965)},
	volume = {3},
	publisher = {Cambridge University Press},
	author = {Beckett, Samuel},
	editor = {Craig, George and Fehsenfeld, Martha Dow and Gunn, Dan and Overbeck, Lois More},
	year = {2014}
}

@book{beckett_bdmp_2011,
	address = {Brussels},
	series = {The {Beckett} {Digital} {Manuscript} {Project}},
	title = {{BDMP} 1 – {Stirrings} {Still} / {Soubresauts} and {Comment} dire / what is the word (digital genetic edition)},
	volume = {1},
	url = {http://www.beckettarchive.org},
	urldate = {2020--06--17},
	publisher = {University Press Antwerp},
	author = {Beckett, Samuel},
	editor = {Van Hulle, Dirk and Neyt,, Vincent},
	year = {2011}
}

@book{beckett_bdmp_2014,
	address = {Brussels},
	series = {The {Beckett} {Digital} {Manuscript} {Project}},
	title = {{BDMP} 2 – {L}’{Innommable} / {The} {Unnamable} (digital genetic edition)},
	volume = {2},
	url = {http://www.beckettarchive.org},
	urldate = {2020--06--17},
	publisher = {University Press Antwerp},
	author = {Beckett, Samuel},
	editor = {Van Hulle, Dirk and Neyt, Vincent and Weller, Shane},
	year = {2014}
}

@book{beckett_bdmp_2015,
	address = {Brussels},
	series = {The {Beckett} {Digital} {Manuscript} {Project}},
	title = {{BDMP} 3 – {Krapp}’s {Last} {Tape} / {La} {Dernière} {Bande} (digital genetic edition)},
	volume = {3},
	url = {http://www.beckettarchive.org},
	urldate = {2020--06--17},
	publisher = {University Press Antwerp},
	author = {Beckett, Samuel},
	editor = {Van Hulle, Dirk and Neyt, Vincent},
	year = {2015}
}

@book{beckett_bdmp_2018,
	address = {Brussels},
	series = {The {Beckett} {Digital} {Manuscript} {Project}},
	title = {{BDMP} 7 – {Fin} de partie / {Endgame} (digital genetic edition)},
	volume = {7},
	url = {http://www.beckettarchive.org},
	publisher = {University Press Antwerp},
	author = {Beckett, Samuel},
	editor = {Van Hulle, Dirk and Weller, Shane and Neyt, Vincent},
	year = {2018}
}

@book{beckett_bdmp_2020,
	address = {Brussels},
	series = {The {Beckett} {Digital} {Manuscript} {Project}},
	title = {{BDMP} 9 – {Company} / {Compagnie} (digital genetic edition)},
	volume = {9},
	url = {http://www.beckettarchive.org},
	urldate = {2020--06--17},
	publisher = {University Press Antwerp},
	author = {Beckett, Samuel},
	editor = {Van Hulle, Dirk and Neyt, Vincent and Nugent-Folan, Georgina},
	year = {2020}
}

@book{beckett_letters_2016,
	address = {Cambridge},
	title = {The {Letters} of {Samuel} {Beckett} (1966--1989)},
	volume = {4},
	publisher = {Cambridge University Press},
	author = {Beckett, Samuel},
	editor = {Craig, George and Fehsenfeld, Martha Dow and Gunn, Dan and Overbeck, Lois More},
	year = {2016}
}

@incollection{beloborodova_broadcasting_2018,
	address = {Basingstoke},
	title = {Broadcasting the mind: extended cognition in {Beckett}'s radio plays},
	booktitle = {Beckett and {Modernism}},
	publisher = {Palgrave},
	author = {Beloborodova, Olga and Verhulst, Pim},
	editor = {Beloborodova, Olga and Verhulst, Pim and Van Hulle, Dirk},
	year = {2018},
	pages = {239--57}
}

@book{connolly_paul_2018,
	address = {Cambridge},
	title = {Paul {Celan}’s {Unfinished} {Poetics}: {Readings} in the {Sous}-Œuvre},
	publisher = {Legenda},
	author = {Connolly, Thomas C.},
	year = {2018}
}

@book{crosby_passionate_1953,
	address = {New York (NY)},
	title = {The {Passionate} {Years}: {An} {Autobiography}},
	publisher = {The Dial Press},
	author = {Crosby, Caress},
	year = {1953}
}

@book{ellmann_james_1983,
	address = {Oxford},
	edition = {New and Revised Edition},
	title = {James {Joyce}},
	publisher = {Oxford University Press},
	author = {Ellmann, Richard},
	year = {1983}
}

@book{feldman_becketts_2009,
	address = {London},
	title = {Beckett’s {Books}: {A} {Cultural} {History} of the {Interwar} {Notes}},
	publisher = {Continuum},
	author = {Feldman, Matthew},
	year = {2009}
}

@book{engelberts_defis_2001,
	address = {Geneva},
	title = {Défis du récit scénique: {Formes} et enjeux du mode narratif dans le théâtre de {Beckett} et {Duras}},
	publisher = {Librarie Droz},
	author = {Engelberts, Matthijs},
	year = {2001}
}

@book{gilbert_reflections_1993,
	address = {Austin (TX)},
	title = {Reflections on {James} {Joyce}: {Stuart} {Gilbert}’s {Paris} {Journal}},
	publisher = {University of Texas Press},
	author = {Gilbert, Stuart},
	editor = {Staley, Thomas and Lewis, Randolph},
	year = {1993}
}

@book{groden_ulysses_1977,
	address = {Princeton (NJ)},
	title = {'{Ulysses}' in {Progress}},
	publisher = {Princeton University Press},
	author = {Groden, Michael},
	year = {1977}
}

@book{hutton_serial_2019,
	address = {Oxford},
	title = {Serial {Encounters}: ‘{Ulysses}’ and ‘{The} {Little} {Review}'},
	publisher = {Oxford University Press},
	author = {Hutton, Clare},
	year = {2019}
}

@book{joyce_ulysses_1986,
	address = {London},
	title = {Ulysses},
	publisher = {Vintage},
	author = {Joyce, James},
	editor = {Gabler, Hans Walter and Steppa, Wolfhard and Melchior, Claus},
	year = {1986}
}

@book{joyce_little_2015,
	address = {New Haven and London},
	title = {The {Little} {Review} ‘{Ulysses}’},
	publisher = {Yale University Press},
	author = {Joyce, James},
	editor = {Gaipa, Mark and Latham, Sean and Scholes, Robert},
	year = {2015}
}

@book{lewis_time_1993,
	address = {Santa Rosa (CA)},
	title = {Time and {Western} {Man}},
	publisher = {Black  Sparrow Press},
	author = {Lewis, Wyndham},
	editor = {Edwards, Paul},
	year = {1993}
}

@article{martel_les_2005,
	title = {Les notions d'intertextualité et d'intratextualité dans les théories de la réception},
	volume = {33},
	number = {1},
	journal = {Protée},
	author = {Martel, Kareen},
	year = {2005},
	pages = {93--102}
}

@book{mcgann_textual_1992,
	address = {Princeton (NJ)},
	title = {The {Textual} {Condition}},
	publisher = {Princeton University Press},
	author = {McGann, Jerome},
	year = {1992}
}

@book{mckenzie_bibliography_1999,
	address = {Cambridge},
	title = {Bibliography and the {Sociology} of {Texts}},
	publisher = {Cambridge University Press},
	author = {McKenzie, D. F.},
	year = {1999}
}

@book{mckenzie_making_2002,
	address = {Amherst (MA)},
	title = {Making {Meaning}: '{Printers} of the {Mind}' and {Other} {Essays}},
	publisher = {University of Massachusetts Press},
	author = {McKenzie, D. F.},
	editor = {McDonald, Peter D. and Suarez, S. J., Michael F.},
	year = {2002}
}

@book{montaigne_essais_1958,
	address = {Paris},
	title = {Essais},
	publisher = {Gallimard Pléiade},
	author = {Montaigne, Michel de},
	year = {1958}
}

@book{pilling_samuel_2016,
	address = {Houndmills},
	title = {A {Samuel} {Beckett} {Chronology}},
	publisher = {Palgrave Macmillan},
	author = {Pilling, John},
	year = {2016}
}

@book{polsgrove_it_1995,
	address = {New York (NY)},
	title = {It {Wasn}'t {Pretty}, {Folks}, {But} {Didn}'t {We} {Have} {Fun}? {Esquire} in the {Sixties}},
	publisher = {W. W. Norton},
	author = {Polsgrove, Carol},
	year = {1995}
}

@incollection{pratt_introduction_1969,
	address = {Princeton (NJ)},
	title = {Introduction},
	booktitle = {The {Task} of {Gestalt} {Psychology}},
	publisher = {Princeton University Press},
	author = {Pratt, Caroll C.},
	collaborator = {Köhler, Wolfgang},
	year = {1969},
	pages = {3--32}
}

@book{shelley_shelleys_1977,
	address = {New York (NY)},
	title = {Shelley's {Poetry} and {Prose}},
	publisher = {Norton},
	author = {Shelley, Percy Bysshe},
	editor = {Reiman, Donald H. and Powers, Sharon B.},
	year = {1977}
}

@book{sullivan_work_2013,
	address = {Cambridge (MA)},
	title = {The {Work} of {Revision}},
	publisher = {Harvard University Press},
	author = {Sullivan, Hannah},
	year = {2013}
}

@article{vanderham_ezra_1995,
	title = {Ezra {Pound}’s {Censorship} of {Ulysses}},
	volume = {32},
	number = {3--4},
	journal = {James Joyce Quarterly},
	author = {Vanderham, Paul},
	year = {1995},
	pages = {583--95}
}

@book{van_hulle_samuel_2013,
	address = {Cambridge},
	title = {Samuel {Beckett}'s {Library}},
	publisher = {Cambridge University Press},
	author = {Van Hulle, Dirk and Nixon, Mark},
	year = {2013}
}

@article{van_hulle_beckett_1999,
	title = {Beckett, {Mauthner}, {Zimmer}, {Joyce}},
	journal = {Joyce Studies Annual},
	author = {Van Hulle, Dirk},
	year = {1999},
	pages = {143--83}
}

@book{van_hulle_modern_2014,
	address = {London},
	title = {Modern {Manuscripts}: {The} {Extended} {Mind} and {Creative} {Undoing} from {Darwin} to {Beckett} and {Beyond}},
	publisher = {Bloomsbury},
	author = {Van Hulle, Dirk},
	year = {2014}
}

@book{van_hulle_making_2015,
	address = {London},
	title = {The {Making} of {Samuel} {Beckett}’s ‘{Krapp}’s {Last} {Tape}’ / ‘{La} {Dernière} {Bande}’},
	publisher = {Bloomsbury},
	author = {Van Hulle, Dirk},
	year = {2015}
}

@book{van_hulle_james_2016,
	address = {New York (NY)},
	series = {Studies in {Publishing} {History}: {Manuscript}, {Print}, {Digital}},
	title = {James {Joyce}’s ‘{Work} in {Progress}’: {Pre}-{Book} {Publications} of ‘{Finnegans} {Wake}’ {Fragments}},
	publisher = {Routledge},
	author = {Van Hulle, Dirk},
	year = {2016}
}

@article{van_hulle_becketts_2019,
	title = {Beckett’s {Art} of the {Commonplace}: {The} ‘{Sottisier}’ {Notebook} and mirlitonnades {Drafts}},
	volume = {28},
	number = {1},
	journal = {Journal of Beckett Studies},
	author = {Van Hulle, Dirk},
	year = {2019},
	pages = {67--89}
}

@unpublished{bennet_play_1989,
	address = {Oxford},
	title = {Play scripts for {The} {Madness} of {George} {III}, 1989--1992},
	author = {Bennet, Alan},
	year = {1989--92}
}

@book{joyce_finnegans_1939,
	address = {London},
	title = {Finnegans {Wake}},
	publisher = {Faber \& Faber},
	author = {Joyce, James},
	year = {1939}
}

@book{petrarca_rime_1824,
	address = {Milan},
	title = {Le {Rime} del {Petrarca}},
	publisher = {Nicolò Bettoni,},
	author = {Petrarca, Francesco},
	year = {1824}
}


@book{beckett_krapps_1959,
	address = {London},
	title = {Krapp's {Last} {Tape} and {Embers}},
	publisher = {Faber and Faber},
	author = {Beckett, Samuel},
	year = {1959}
}

@book{beckett_company_2009,
	address = {London},
	title = {Company, {Ill} {Seen} {Ill} {Said}, {Worstward} {Ho}, {Stirrings} {Still}},
	publisher = {Faber and Faber},
	author = {Beckett, Samuel},
	editor = {Van Hulle, Dirk},
	year = {2009}
}

@book{beckett_collected_2012,
	address = {London},
	title = {Collected {Poems}},
	publisher = {Faber and Faber},
	author = {Beckett, Samuel},
	editor = {Lawlor, Seán and Pilling, John},
	year = {2012}
}


@book{carver_collected_2009,
	address = {New York City (NY)},
	title = {Collected {Stories}},
	publisher = {Library of America},
	author = {Carver, Raymond},
	editor = {Stull, William and Carroll, Maureen},
	year = {2009}
}

@book{hytner_balancing_2018,
	address = {London},
	title = {Balancing {Acts}: {Behind} the {Scenes} at the {National} {Theatre}},
	publisher = {Vintage},
	author = {Hytner, Nicholas},
	year = {2018}
}

@book{reiman_study_1993,
	address = {Baltimore (MD)},
	title = {The {Study} of {Modern} {Manuscripts}},
	publisher = {John Hopkins University Press},
	author = {Reiman, Donald},
	year = {1993}
}

@article{riffaterre_trace_1980,
	title = {La {Trace} de l'intertexte},
	volume = {215},
	journal = {Pensée},
	author = {Riffaterre, Michael},
	year = {1980},
	pages = {4--18}
}

@article{van_hulle_beckett_2010,
	title = {Beckett and {Shakespeare} on {Nothing}, or {Whatever} {Lurks} behind the {Veil}},
	volume = {1},
	url = {http://www.limitebeckett.paris-sorbonne.fr/one/vanhulle.html},
	urldate = {2020--08--13},
	journal = {Beckett},
	author = {Van Hulle, Dirk},
	year = {2010}
}


@book{groeland_art_2019,
	address = {London},
	title = {The {Art} of {Editing}: {Raymond} {Carver} and {David} {Foster} {Wallace}},
	publisher = {Bloomsbury},
	author = {Groenland, Tim},
	year = {2019}
}
